2742 3571
1185 280 1232 319 21

327 406 434 453 Nota
461 418 599 448 munus
633 405 836 457 pantarchi
864 410 1003 457 quater
1030 407 1068 447 in
1096 407 1169 449 hoc
1195 406 1309 447 titulo
1337 405 1505 447 obvium.
1557 405 1671 444 Haud
1700 405 1815 444 dubie
1842 404 1905 444 hic
1931 403 2030 454 lapis
2058 403 2214 453 imposi-

205 482 268 521 tus
296 484 380 522 erat
406 481 580 534 sepulcro
607 479 729 533 ipsius
756 479 822 530 qui
850 479 1021 532 loquitur
1039 481 1251 532 pantarchi.
1271 517 1274 519 .
1292 481 1428 533 Neque
1456 480 1555 522 enim
1583 479 1818 531 pantarchus
1845 479 1877 520 si
1906 479 1988 529 ipse
2016 483 2213 529 superstes

205 554 358 603 titulum
385 557 577 606 posuisset
604 558 641 596 in
669 554 895 606 cenotaphio
921 553 1002 605 filii,
1030 555 1067 596 in
1096 566 1141 596 eo
1168 555 1253 607 ipso
1281 555 1395 596 titulo
1413 554 1539 606 potuit
1556 566 1598 595 se
1618 554 1772 595 beatum
1792 552 2026 604 praedicare.
2068 550 2212 593 Contra

206 638 279 667 non
308 630 446 671 mirum
472 628 837 681 quodpantarchus
865 632 1040 669 mortuus
1068 629 1131 669 cui
1157 629 1237 670 fere
1264 629 1393 670 omnia
1418 640 1603 680 prospere
1631 628 1817 669 cesserint
1842 630 1984 668 sortem
2004 637 2113 667 suam
2132 626 2213 667 lau-

206 701 274 742 dat
298 703 440 744 oblitus
467 704 612 744 doloris
639 703 714 743 iam
743 706 833 743 ante
859 703 1000 743 multos
1028 714 1150 744 annos
1177 707 1300 745 morte
1326 703 1396 744 filii
1423 704 1583 753 accepti,
1610 715 1686 743 non
1715 714 1859 744 memor
1885 702 1961 743 nisi
1987 703 2132 753 gloriae
2155 702 2213 742 in-

206 776 329 824 gentis
357 789 470 828 quam
498 776 563 817 ille
590 775 814 827 reportavit.
868 776 1004 827 Itaque
1032 781 1126 827 puta
1152 777 1253 827 patri
1282 777 1445 818 familias
1479 781 1632 819 mortuo
1665 778 1768 819 hunc
1803 777 1957 818 titulum
1992 777 2210 828 ponendum

207 852 399 891 curavisse
434 863 590 891 uxorem
624 855 664 890 et
697 861 762 889 eos
794 850 937 890 liberos
971 852 1036 901 qui
1073 857 1184 891 erant
1221 852 1449 902 superstites
1485 852 1618 892 fratris
1652 857 1692 893 et
1718 853 1851 902 patris.
1906 853 1962 892 De
1989 852 2050 892 his
2076 851 2210 892 liberis

207 935 305 973 quae
331 925 508 965 videntur
540 925 683 973 scripta
719 923 836 964 fuisse
869 928 956 974 post.
988 923 1140 964 laudem
1174 924 1304 964 fratris
1339 925 1500 973 mortui,
1535 925 1734 974 perierunt
1770 925 1808 965 in
1841 925 2101 976 inscriptionis
2136 924 2211 964 fine

207 996 369 1037 maxima
395 1010 441 1038 ex
468 1000 579 1048 parte
607 996 745 1037 deleto.
774 1019 824 1026 -
853 995 918 1037 Vs.
939 998 963 1036 6
982 1009 1063 1049 sqq.
1107 998 1170 1038 Sic
1197 999 1300 1038 haud
1330 1010 1419 1039 raro
1447 999 1677 1048 superstites
1704 1002 1896 1039 mortuum
1931 999 2036 1049 ipsos
2063 998 2210 1039 faciunt

207 1068 436 1111 laudantem.
465 1093 516 1099 —
543 1070 657 1120 Frag.
686 1070 710 1107 2
738 1081 792 1109 vs.
813 1071 849 1109 5.
879 1070 1036 1112 miseret
1062 1075 1255 1112 mortuum
1286 1072 1414 1112 uxoris
1442 1072 1608 1113 relictae.

605 1380 680 1440 III.
716 1379 1009 1436 VARIARUM
1042 1380 1461 1437 INSCRlPTIONUM
1494 1380 1802 1438 LECTIONES.

1055 1619 1096 1660 G.
1126 1622 1156 1661 I.
1185 1622 1231 1661 A.
1260 1621 1348 1661 350.

328 1703 423 1743 Cum
452 1705 510 1744 his
539 1704 688 1745 duobus
717 1705 939 1746 columellae
957 1705 1116 1746 striatac
1136 1704 1360 1756 fragmentis
1379 1704 1684 1754 coniungendam
1704 1707 1763 1744 est
1782 1703 1939 1744 tertium
1959 1703 2061 1755 quod
2084 1703 2204 1743 edidit

205 1777 420 1817 Hirschfeld
447 1777 487 1816 in
516 1777 636 1817 diario
664 1778 767 1817 arch.
798 1778 897 1817 1873
925 1791 962 1829 p.
985 1778 1071 1818 108.
1124 1778 1213 1830 Ipse
1239 1778 1317 1818 vidi
1346 1776 1524 1818 Londinii
1552 1780 1591 1817 et
1618 1779 1779 1829 ectypon
1808 1776 1952 1818 rettuli.

0 1941 200 1990 ‚atium
241 1952 464 1981 vacuum
492 1935 587 1992 ΑΗ
622 1964 1560 1973 ————————————
1563 1940 1970 1993 J5m5r¹ole5ffi

0 2031 55 2068 at.
91 2038 170 2068 vac.
208 2022 1543 2080 ΙΘΙΙ>ΙΙ<ΕΜΑΝ[ΕΘΕΙ<ΟΙΙ<ΟΞ]ΕΝΑΘΙΔΝΑΙΟῌςΙ]
1597 2033 1695 2079 spat.
1723 2040 1804 2068 vac.

0 2113 224 2164 vatium
268 2125 515 2154 vacuum
549 2117 565 2164 [
817 2108 2430 2166 ΕΙΝΑΙ]ΑΘΕΝΑΙΟΝΤΟ[Ι>]Ε5ΕΜΑΛΑΘΟ[ΝΚΑΤΑΔΕΜΟΝ

699 2270 746 2309 Ἀλ
777 2276 1210 2314 π-π-π-π-ς·
1228 2273 1267 2321 μ’
1291 2271 1481 2321 §mamm

699 2340 837 2391 Ἰφιδίκη
856 2342 894 2390 μ’
920 2341 1081 2390 ἀν[έθηκ’
1105 2340 1238 2377 οἷκοῢσ)
1262 2339 1319 2388 ]ἐν
1343 2339 1569 2389 Ἀφιδναΐο[ισι

699 2408 797 2455 εἶναι]
822 2409 1002 2458 Ἀθηναίων
1026 2408 1138 2454 τοΊδ]ε
1161 2409 1241 2456 σῆμ’
1265 2406 1415 2455 ἀγαθὸ[ν
1441 2407 1535 2444 κατὰ
1558 2407 1675 2456 δῆμον.

324 2527 407 2566 Νοῃ
436 2530 539 2568 recte
565 2527 865 2571 Hirschfeldium
891 2530 1147 2581 fragmentum
1175 2528 1335 2570 tertium
1361 2528 1555 2570 iudicasse
1582 2528 1794 2579 sepulcrale
1821 2532 1982 2580 apparet
2008 2540 2125 2580 quum
2153 2542 2200 2570 ex

200 2602 283 2652 ipsa
311 2613 425 2652 quam
453 2613 571 2653 supra
596 2605 707 2653 posui
734 2605 851 2645 trium
878 2604 1179 2655 fragmentorum
1207 2603 1480 2653 compositione
1507 2607 1590 2642 tum
1617 2614 1664 2642 ex
1690 2602 1813 2642 forma
1839 2602 1977 2650 lapidis
2004 2602 2056 2641 ad
2074 2604 2200 2652 sepul-

199 2685 306 2716 crum
337 2684 412 2714 non
445 2677 548 2726 apta.
576 2697 627 2704 —
653 2676 720 2717 Vs.
742 2678 777 2717 1.
803 2676 903 2719 Fere
934 2679 1040 2719 totus
1072 2666 1188 2728 periit
1220 2674 1357 2716 titulus
1385 2674 1564 2716 statuarii
1589 2686 1703 2715 versu
1730 2674 1952 2715 hexametro
1978 2679 2199 2726 conceptus.

198 2748 284 2788 Vss.
304 2748 341 2785 2.
360 2748 395 2786 3.
430 2748 582 2787 Donum
608 2750 779 2789 votivum
805 2751 909 2800 quod
935 2750 1105 2799 loquitur
1132 2748 1287 2789 videtur
1314 2747 1434 2788 fuisse
1460 2751 1612 2789 noctua.
1667 2747 1804 2798 Itaque
1830 2751 1874 2787 ut
1901 2748 2010 2788 vivae
2037 2752 2201 2789 noctuae

198 2820 494 2861 Atheniensibus
517 2821 715 2863 victoriam
739 2824 1018 2874 portendebant
1036 2822 1098 2875 (cf.
1118 2835 1151 2864 e.
1170 2834 1207 2874 g.
1226 2822 1266 2863 in
1291 2823 1544 2874 paroemiogr.
1568 2821 1683 2873 Greg.
1712 2821 1824 2873 cypr.
1853 2822 1935 2863 cod.
1963 2822 2071 2864 Leid.
2100 2828 2200 2865 cent.

197 2895 228 2935 1.
247 2895 315 2935 85:
341 2898 453 2947 γλαῦξ
470 2898 621 2938 ἵππω-αι·
641 2900 674 2950 ,ἡ
695 2903 817 2952 πτῆσις
840 2904 903 2954 τῆς
926 2900 1079 2951 γλαυκὸς
1102 2901 1200 2951 νίκης
1223 2899 1398 2950 ὠμβολον
1422 2902 1496 2942 τοῖς
1519 2899 1700 2950 Ἀθηναίοις
1733 2897 1926 2952 ἐνομίζετο)
1959 2896 2017 2938 ita
2033 2897 2129 2938 haec
2145 2896 2201 2938 la·

195 2967 309 3019 pidea
336 2979 367 3008 s.
395 2979 515 3010 aenea
542 2969 617 3009 illis
644 2970 786 3012 bonum
813 2983 924 3013 omen
952 2983 1037 3013 esse
1064 2972 1156 3012 vult.
