2742 3571
1224 200 1268 240 11

1128 388 1171 430 C.
1198 389 1229 431 L
1249 390 1365 431 3304.

373 485 439 526 Vs.
458 486 496 524 4.
518 483 928 534 ΣΥΠΠΙΝΑΔΩΝ,
957 496 1029 525 vox
1056 485 1232 526 obscura.
1275 486 1340 526 Vs.
1361 486 1397 525 6.
1415 485 2116 532 ΩΝΔΕΞΙΑΧΕΡΙΤΩΗΡΩΩΕΙ.
2155 486 2247 528 Cae-

247 562 333 599 tera
357 558 648 600 accuratissime
676 559 879 610 exscripsit
906 558 1160 600 Chandlerns.

1128 676 1170 717 C.
1200 676 1229 716 Ι.
1248 676 1363 716 3333.

370 769 438 811 νε.
459 772 495 811 5.
522 770 740 815 ΤΗΕΔΕ.
796 772 860 812 νε.
884 773 920 811 9.
948 771 1197 816 ΦΟΣΣΡΗ.
1253 772 1319 812 νε.
1342 771 1401 810 10.
1432 770 1758 835 ΕΝΕΠΛΗΣΕ.

1126 906 1170 947 C.
1198 905 1231 946 Ι.
1250 905 1365 947 3357.

371 1001 516 1041 Versus
538 1001 588 1040 10
619 1001 714 1041 nihil
746 1002 967 1043 continebat
992 1002 1064 1043 nisi
1092 1002 1158 1045 ὅ
1170 995 1413 1046 ΑΡΧΕΙΟΝ
1430 1001 1506 1044 5.
1548 1001 1740 1043 Foliorum
1782 1005 1822 1042 et
1862 1002 2057 1042 literarum
2098 1013 2247 1042 summa

244 1074 399 1123 fastigia
425 1079 645 1125 supersunt.

1125 1201 1168 1242 C.
1197 1202 1228 1242 Ι.
1247 1202 1362 1242 3391.

368 1298 463 1338 Tres
490 1298 624 1337 insunt
650 1298 927 1349 inscriptiones.
969 1299 1113 1339 Earum
1140 1299 1348 1340 veterrima
1374 1302 1434 1339 est
1460 1298 1584 1349 prima
1609 1299 1682 1350 (vs.
1704 1297 1852 1349 1-3);
1880 1308 1955 1337 non
1983 1296 2101 1338 multo
2120 1297 2246 1338 iunior

243 1382 289 1411 ea
315 1382 414 1422 quae
441 1382 542 1411 nunc
570 1371 609 1411 in
637 1369 713 1411 fine
740 1371 882 1423 legitur
908 1373 980 1423 (vs.
1001 1371 1036 1412 6.
1058 1372 1118 1424 7);
1145 1372 1343 1424 aliquanto
1371 1373 1584 1413 recentiore
1610 1375 1740 1413 aetate
1764 1371 1932 1422 spatium
1958 1371 2059 1422 quod
2084 1383 2245 1411 vacuum

242 1448 480 1485 remanserat
496 1445 642 1494 recepit
664 1444 819 1486 tertiam
846 1444 1134 1495 inscriptionem
1161 1447 1233 1497 (vs.
1253 1447 1290 1485 4.
1319 1447 1373 1496 5).
1415 1446 1522 1486 Haec
1547 1445 1813 1495 neglegentius
1840 1449 1881 1485 et
1907 1446 2032 1484 minus
2057 1444 2244 1495 profunde

242 1528 356 1567 quam
383 1516 472 1558 illae
499 1521 559 1558 est
585 1517 716 1566 incisa,
745 1520 790 1557 ut
815 1518 1027 1568 aegerrime
1053 1517 1200 1569 aliquid
1227 1518 1403 1558 extrices.
1458 1517 1504 1558 In
1531 1518 1661 1569 lapide
1688 1521 1815 1559 exstat
1843 1518 1945 1568 quod
1972 1518 2138 1558 videam:

821 1589 1714 1642 ΦΙΒωΛΛΗΚΑΙΑΒΙΟΛΑΚΑΙΙΙΙΙΙΙΙΙΙΙΙΙΙ

876 1664 1680 1714 ΙΛΙΙΙΓΓΟΙΕΚΑΤΟΙΧΟΜΙΙΙΙΙΙΙΙΙΙΙΙΙ

242 1738 269 1778 i.
284 1750 318 1781 e.
348 1737 527 1793 Φιβώλλῃ
556 1739 614 1779 καὶ
642 1738 789 1793 Ἀβιόλᾳ
818 1740 901 1779 καὶ.
918 1769 953 1779 ..
981 1739 1059 1793 λιῑᾳ
1086 1740 1146 1781 vel
1172 1742 1225 1792 ῳ]
1253 1742 1331 1786 τοῖς
1357 1739 1681 1793 καωψμ[ένοις].

1117 1855 1160 1894 C.
1189 1854 1221 1894 1.
1242 1856 1357 1895 6975.

368 1950 631 1995 ΝΙΚΩΝΟΣ
645 1979 677 1990 ··
697 1950 955 1998 uzxawfi.
997 1951 1097 1991 Ante
1117 1949 1208 1993 ΝΙΚ
1226 1954 1299 1991 etc.
1325 1949 1491 1991 fortasse
1517 1961 1655 1990 nomen
1683 1961 1753 2000 per
1776 1950 2038 1999 compendium
2058 1950 2243 2000 scriptum

240 2025 413 2065 evanuit:
455 2024 580 2076 [Αὐρ.]
609 2024 789 2069 Νίκωνος·
818 2025 924 2078 ἥρως
944 2026 1072 2078 χαῖρε.

364 2097 550 2150 Sequitur
576 2102 620 2139 ut
647 2098 695 2139 de
722 2103 868 2149 septem
896 2098 1207 2149 inscriptionibus
1226 2097 1340 2148 Hyde
1358 2096 1572 2137 Clarkianis
1599 2098 1736 2148 loquar
1762 2109 1861 2148 quae
1888 2098 1962 2136 iam
1992 2101 2084 2136 sunt
2106 2098 2242 2137 editae.

238 2161 409 2209 Quarum
427 2164 594 2211 quatuor
612 2161 935 2213 Waddingtonius
954 2165 1034 2201 tam
1062 2164 1241 2202 accurate
1268 2165 1426 2212 tamque
1453 2160 1658 2211 diligenter
1684 2161 1886 2210 exscripsit
1912 2164 1956 2199 ut
1980 2161 2122 2200 nullam
2142 2162 2244 2200 inve-

238 2235 322 2274 nire
348 2245 499 2285 possem
528 2235 754 2275 varietatem
783 2235 974 2275 lectionis:
1011 2234 1098 2274 vide
1125 2234 1164 2274 in
1193 2233 1364 2285 Explicc.
1392 2245 1428 2274 n.
1451 2233 1568 2282 1362,
1599 2233 1714 2282 136c,
1746 2233 1818 2272 136
1830 2233 1866 2282 d,
1898 2233 2017 2273 1621).
2074 2232 2155 2272 Iam
2184 2246 2242 2273 ac-

238 2307 321 2356 cipe
348 2308 533 2349 lectiones
559 2307 796 2358 reliquarum
823 2308 940 2348 trium
968 2307 1273 2358 inscriptionum.

908 2422 952 2464 c,
979 2423 1012 2463 1.
1033 2423 1155 2476 29543
1183 2423 1309 2464 Lebas
1330 2423 1561 2464 137-139,

364 2517 405 2557 C.
434 2519 464 2557 1.
485 2518 589 2558 2954
615 2518 700 2558 Lat.
719 2519 758 2562 Α
776 2532 828 2551 =
847 2518 903 2559 Le
929 2517 1006 2558 Bas
1036 2517 1122 2556 137.
1178 2515 1283 2557 Num
1310 2520 1443 2558 vetera
1469 2517 1691 2568 apographa
1718 2518 1757 2557 in
1784 2518 1942 2558 dextera
1967 2518 2081 2558 huius
2108 2518 2242 2558 lateris

238 2593 349 2638 parte
376 2590 503 2631 exitus
530 2602 711 2631 versuum
738 2595 843 2632 recte
869 2590 1097 2642 praebeant,
1121 2589 1321 2630 diiudicari
1349 2600 1425 2630 non
1452 2593 1581 2639 potest
1607 2590 1698 2640 quia
1724 2590 1789 2631 ille
1815 2590 1954 2642 lapidis
1981 2601 2113 2641 margo
2140 2603 2242 2632 nunc

238 2661 354 2701 etiam
381 2664 503 2715 magis
528 2664 657 2705 laesus
690 2668 750 2705 est
782 2676 897 2715 quam
930 2664 1127 2714 superiore
1158 2663 1324 2703 saeculo.
1379 2662 1455 2703 Sed
1492 2663 1713 2703 lacunarum
1748 2663 2050 2713 magnitudinem
2086 2675 2241 2704 mensus

239 2731 386 2783 aliquot
410 2734 505 2776 locis
532 2736 698 2777 certiora
724 2737 991 2788 supplementa
1017 2748 1171 2787 possum
1200 2736 1458 2787 suppeditare.
1510 2737 1575 2776 Vs.
1595 2736 1658 2776 43.
1686 2737 1708 2773 ὁ
1735 2736 1859 2789 δῆμος
1888 2737 1943 2789 [ὃ]
1971 2737 2154 2789 Ἐφεσίων
2181 2738 2240 2778 vel

237 2806 368 2856 potius
394 2808 416 2846 ὁ
443 2808 565 2864 δῆμος
592 2809 910 2864 [τῶν]”Εφεσι’ων
937 2810 1041 2863 quod
1068 2822 1143 2852 non
1170 2810 1268 2851 adeo
1295 2810 1521 2851 inusitatum
1550 2813 1621 2851 est.
1662 2809 1708 2850 V.
1730 2811 1791 2851 15.
1818 2810 1882 2852 fin.
1912 2815 2000 2863 post
2026 2809 2115 2864 θεῷ
2141 2812 2240 2852 adde

240 2877 330 2918 ὅλον
356 2881 418 2920 vel
445 2883 575 2923 πάντα.
618 2884 684 2925 νε.
701 2885 762 2924 20.
784 2886 866 2925 init.
896 2884 1040 2926 Vetera
1067 2884 1289 2936 apographa
1315 2884 1501 2934 praebent
1529 2883 1719 2936 ΕΙΟΥΣ;
1747 2885 1860 2926 litera
1887 2886 1935 2929 Δ
1962 2898 2061 2937 quae
2089 2898 2235 2937 praece-

2010 2950 2051 2981 2.
