2742 3571
1201 227 1248 271 13

278 363 403 414 στήλην
429 356 664 409 ἀ]νασ“ιήσας·
683 357 702 394 ὁ
717 357 826 407 δῆμος
851 360 1024 406 στεφανοῖ
1043 356 1185 407 Σκύθην
1210 356 1409 407 Ἀρχιδάμου
1433 356 1547 405 ἄνδρα
1572 355 1680 392 καλὸν
1697 354 1756 391 καὶ
1773 354 1909 403 ἀγαθὸν
1925 352 2011 392 ὄντα
2027 354 2086 391 καὶ
2101 352 2220 392 εὔνουν

1466 427 1510 474 τῇ
1532 423 1639 459 πόλει.
1665 422 1718 458 ἵνα
1743 422 1784 458 δὲ
1809 423 1885 468 κα[ὶ
1910 436 1968 458 πα-

275 500 401 549 „falfi
424 496 561 536 εἰδότες
584 496 711 536 πάντες
734 494 773 543 ἣν
798 494 999 543 εἰσφέρεται
1025 495 1174 544 σπουδὴν
1191 496 1211 530 ὃ
1229 495 1339 543 δῆμος
1354 494 1441 542 ὑπὲρ
1456 496 1520 542 τῆς
1538 495 1607 529 τῶν
1625 493 1779 540 ἀρίστων
1796 493 1935 540 ἀνδρῶν
1953 495 2052 541 τιμῆς·
2070 493 2219 540 ζηλωταὶ

1461 563 1531 599 τῶν
1556 563 1686 611 κε[χαρ
1710 584 1741 588 -

274 633 420 683 ισμένων
445 636 490 683 τῇ
511 632 608 669 πόλει
633 631 814 681 γένωνται]
835 632 893 667 καὶ
917 631 1108 681 προθύμως
1132 631 1329 668 ἐπιδιδῶσιν
1353 630 1502 672 ἑαυτοὺς
1524 651 1775 657 —————

213 707 251 738 10
271 724 301 729 —
328 723 355 728 -
381 723 412 727 -
438 701 580 750 Σκύθην
606 701 665 736 καὶ
689 701 805 737 εἷκόνα
828 701 965 750 χαλκῆν
991 703 1131 750 [στῆσαι
1155 699 1193 737 ἐν
1218 701 1291 749 ek&
1312 702 1375 749 τῆς
1397 698 1591 747 Ἀρτέμιδος
1607 698 1692 748 [νεῴ
1705 721 1779 725 --

312 839 378 879 Vs.
396 841 430 878 6.
452 839 608 890 Ephesii
632 840 835 879 Badromio
854 844 1016 890 prytane
1035 840 1318 879 constituemnt
1337 844 1381 880 ut
1402 839 1563 890 Scythes
1584 840 1765 890 proximis
1786 839 1980 890 Dionysiis
2000 850 2141 879 corona
2160 850 2219 877 or·

207 914 383 964 naretur3
408 925 508 963 quae
532 925 650 963 quum
669 914 745 951 iam
763 913 978 953 inciderent
996 913 1034 952 in
1056 925 1199 952 anuum
1219 915 1414 962 sequentis
1433 914 1607 964 prytanis
1626 914 1793 953 nondum
1815 913 2005 964 designati
2025 910 2220 952 nominata

205 992 295 1028 sunt
314 988 359 1026 τὰ
374 987 472 1038 μετὰ
492 986 709 1039 Βαόρόμιον
730 987 919 1039 πρύτανιν.
949 987 1012 1027 Vs.
1035 988 1069 1026 6.
1091 988 1125 1025 7.
1156 986 1468 1037 Supplementum
1497 999 1573 1027 non
1593 986 1689 1027 adeo
1709 992 1855 1028 certum
1875 990 1954 1036 est3
1982 998 2106 1037 neque
2126 998 2215 1026 vero

203 1064 332 1110 potest
359 1061 528 1100 dubitari
555 1062 645 1111 quin
679 1061 750 1102 hoc
785 1062 867 1101 loco
900 1061 1096 1111 inscriptio
1125 1073 1148 1099 a
1176 1060 1324 1111 vulgari
1358 1067 1490 1100 tenore
1519 1060 1789 1112 (ἀναγορεύειν
1818 1060 1861 1099 δὲ
1891 1063 1952 1099 τὸν
1981 1061 2127 1113 κῇρυκα
2155 1060 2214 1099 vel

202 1135 302 1186 sim.)
323 1136 491 1176 recedat.
534 1135 668 1175 Honor
689 1136 755 1185 qui
783 1136 897 1176 alicui
925 1135 1095 1176 tributus
1124 1138 1208 1175 erat
1235 1136 1440 1176 memoriae
1468 1135 1571 1175 tradi
1598 1139 1750 1186 poterat
1777 1136 1831 1175 ita
1858 1139 1900 1175 ut
1927 1135 2054 1187 ipsum
2084 1135 2214 1176 decre-

202 1214 284 1249 tum
310 1210 617 1259 perscriberetur
646 1208 775 1260 (ἔδοξε
803 1211 859 1261 τῷ
885 1210 996 1263 δήμῳ
1024 1212 1271 1261 στεφανῶσαι
1300 1211 1362 1247 τὸν
1382 1209 1488 1247 δεῖνα
1507 1209 1566 1249 vel
1585 1210 1697 1260 sim.),
1726 1217 1764 1250 et
1790 1211 1845 1250 ita
1873 1215 1916 1250 ut
1942 1215 2212 1261 argumentum

201 1284 345 1324 decreti
373 1288 575 1324 notaretur
604 1285 640 1334 (ὁ
660 1284 781 1336 δῆμος
809 1287 993 1335 στεφανοῖ
1020 1285 1082 1321 τὸν
1111 1284 1216 1321 δεῖνα
1236 1285 1296 1323 vel
1315 1284 1429 1332 sim.).
1460 1283 1584 1332 Vulgo
1607 1284 1836 1323 alterutrum
1854 1284 2000 1324 factum
2019 1289 2089 1333 est,
2118 1297 2212 1324 non-

201 1368 394 1407 nunquam
430 1361 657 1407 utrumque,
690 1364 735 1398 ut
768 1357 826 1408 (C.
853 1358 885 1397 I.
912 1358 1029 1407 5475)
1063 1358 1102 1397 iu
1131 1369 1206 1397 uuo
1241 1358 1367 1407 lapide
1394 1358 1558 1407 primum
1587 1358 1731 1408 legitur
1759 1358 1977 1408 psephisma
2003 1357 2132 1408 (ἔδοξε
2162 1364 2210 1411 τᾷ

201 1430 288 1483 ἁλίᾳ
306 1430 411 1482 κτλ.),
431 1431 569 1472 deinde
588 1436 856 1482 argumentum
875 1432 1145 1483 psephismatis
1166 1433 1203 1483 (ὁ
1218 1432 1339 1484 δᾶμος
1359 1432 1502 1471 ἐπαινεῖ
1515 1433 1572 1471 καὶ
1587 1434 1774 1484 στεφανοῖ
1789 1432 1901 1484 κτλ.);
1921 1436 1964 1473 ut
1978 1431 2079 1483 (C.I.
2096 1433 2208 1482 16253

200 1503 302 1542 3068
322 1504 370 1552 Β)
390 1504 589 1543 decretum
614 1505 770 1543 iubetur
793 1506 831 1542 in
856 1505 934 1553 pila
953 1505 1104 1554 lapidea
1127 1505 1298 1553 inscribi,
1318 1491 1588 1556 argumentum
1607 1505 1752 1544 decreti
1771 1506 1809 1554 (ὁ
1829 1505 1950 1558 δῆμος
1968 1506 2026 1542 καὶ
2044 1506 2068 1558 ὴ
2084 1506 2207 1558 βουλὴ

199 1599 230 1604 -
248 1575 446 1629 ἐτεὶμησεν
465 1581 505 1618 et
524 1581 565 1616 τὸ
585 1579 706 1616 κοινὸν
727 1581 914 1629 στεφανοῖ
929 1579 1020 1627 κτλ.)
1039 1579 1081 1617 in
1107 1579 1193 1618 basi
1219 1583 1383 1618 statuae.
1425 1578 1483 1617 Cf.
1503 1584 1704 1628 praeterea
1723 1579 1830 1617 Curt.
1851 1579 1986 1627 Delph.
2005 1592 2042 1618 n.
2063 1580 2123 1617 68.
2144 1580 2206 1617 69.

29 1636 40 1689 ἦ
199 1648 369 1692 Similem
396 1650 437 1691 iu
463 1650 617 1692 modum
645 1651 865 1701 psephisma
892 1664 970 1702 quo
999 1650 1160 1702 Scythoe
1188 1651 1400 1691 honoratur
1426 1651 1596 1701 positum
1623 1655 1684 1691 est
1709 1651 1749 1690 in
1778 1652 1861 1691 basi
1888 1656 2040 1692 statuae
2068 1654 2127 1701 (ut
2154 1652 2207 1692 ibi

197 1727 415 1774 poneretur,
443 1723 608 1765 fortasse
632 1725 882 1765 constitutum
911 1731 996 1765 erat
1022 1726 1061 1765 in
1088 1724 1165 1765 fine
1192 1724 1452 1774 inscriptionis
1479 1725 1544 1775 qui
1578 1725 1728 1776 periit);
1763 1729 2030 1775 argumentum
2054 1725 2206 1775 psephi-

198 1797 332 1837 smatis
360 1797 398 1848 (ὁ
426 1796 549 1851 δῆαυς
576 1800 763 1850 στεφανοῖ
787 1798 878 1849 κτλ.)
909 1797 1066 1839 iubetur
1100 1799 1216 1839 scribi
1244 1821 1293 1827 —
1322 1800 1355 1838 si
1389 1804 1493 1839 recte
1525 1798 1784 1849 supplevimus
1811 1821 1862 1826 —
1889 1800 1928 1838 in
1955 1799 2042 1848 pila.
2081 1799 2146 1838 Vs.
2166 1800 2203 1838 8.

196 1870 245 1914 cf.
265 1870 310 1913 C.
330 1872 361 1911 Ι.
384 1872 483 1911 1625
501 1883 563 1913 .vs.
583 1873 634 1911 80
661 1873 720 1911 ἵνα
749 1873 874 1911 πολλοὶ
894 1873 1057 1926 ζηλωταὶ
1075 1873 1271 1922 γείνωνται
1290 1878 1366 1911 τῶν
1394 1872 1554 1923 ἀγαθῶν
1583 1871 1663 1912 τῶν
1692 1874 1746 1918 εἷς
1775 1875 1839 1926 τὴν
1867 1870 1967 1912 πόλιν
1983 1887 2203 1924 μαρτυρου-

194 1943 322 1996 μένων
352 1949 430 1984 τῶν
458 1946 635 1997 πρώτων.

760 2063 889 2103 Revue
917 2063 1211 2120 archeologique
1241 2064 1339 2102 1875
1364 2064 1492 2113 juillet
1520 2076 1556 2112 p.
1577 2065 1640 2103 49.

267 2131 269 2133 ’
320 2143 378 2184 Ex
413 2145 634 2197 apographo
661 2157 685 2186 a
712 2145 858 2187 Batavo
893 2148 1059 2198 quodam
1092 2148 1183 2189 olim
1211 2148 1397 2200 Smyrnae
1425 2161 1499 2190 non
1534 2148 1588 2189 ita
1620 2148 1822 2198 diligenter
1850 2148 2017 2189 confecto
2045 2147 2200 2188 titulum

196 2215 319 2256 edidit
345 2218 494 2260 Perrot.
549 2220 631 2259 Iam
658 2221 878 2261 accuratius
906 2233 994 2262 eum
1018 2227 1168 2274 repeto.

1028 2296 1143 2348 (Vide
1170 2295 1371 2347 tabulam.)

320 2365 559 2424 Quamquam
592 2380 724 2420 margo
751 2369 891 2420 lapidis
926 2374 985 2410 est
1017 2370 1185 2422 integer,
1222 2377 1349 2410 tamen
1386 2371 1447 2410 vix
1481 2370 1640 2411 dubium
1668 2371 1759 2421 quin
1789 2370 1984 2419 inscriptio
2011 2370 2060 2410 ab
2088 2369 2197 2410 initio

195 2438 246 2498 sit
273 2439 419 2479 mutila.
474 2443 618 2483 Versus
653 2444 748 2483 duos
781 2445 941 2493 periisse
977 2448 1070 2493 puto
1106 2445 1270 2493 scriptos
1295 2445 1335 2483 in
1368 2445 1450 2494 giso
1485 2444 1544 2484 vel
1580 2449 1769 2483 aetomate
1804 2444 1889 2484 huic
1924 2443 2079 2483 tabulae
2107 2443 2198 2483 olim

195 2512 382 2569 imposito.
474 2568 476 2570 V

451 2588 464 2630 [
489 2587 509 2622 ὁ
558 2588 653 2625 δεῖνα
677 2611 708 2616 ——
732 2610 763 2615 —
788 2612 818 2615 -
844 2589 1103 2637 κατεσκεύασε]

445 2656 565 2701 [τοῦτο
591 2657 631 2692 τὸ
656 2656 814 2707 ἐνσόριον
838 2657 957 2707 ἑαυτῷ
981 2660 1038 2694 καὶ
1065 2663 1112 2709 τῇ
1133 2659 1264 2708 γυναικὶ
1290 2658 1365 2706 Εύ-]

445 2723 561 2773 θαλὴᾳ
585 2726 651 2762 καί
669 2729 743 2768 τοῖς
767 2727 865 2769 ἰδίοις
889 2730 988 2764 πᾶσι·
1015 2727 1035 2763 ὃ
1061 2728 1119 2763 καὶ
1144 2728 1247 2764 τοῦτο
1274 2728 1313 2763 τὸ

438 2795 591 2843 μνημῆον
617 2796 823 2846 κληρονόμῳ
848 2796 913 2834 οὐκ
938 2796 1184 2847 ἀκολουθήσει.

401 2862 420 2890 5
439 2861 561 2908 μηδενὶ
585 2863 626 2898 δὲ
652 2862 789 2906 ἐξέστω
815 2866 918 2900 τοῦτο
944 2865 984 2900 τὸ
1005 2867 1132 2914 μνημῆ-
1164 2914 1167 2918 ι

442 2944 481 2966 ον
504 2929 525 2978 ἢ
546 2932 660 2979 μέρος
685 2948 716 2969 τι
741 2934 847 2975 αὐτοῦ
868 2934 958 2983 μήτε
982 2936 1138 2983 πωλῆσαι
1159 2935 1248 2982 μήτε
