<?xml version="1.0" encoding="UTF-8"?>
<!DOCTYPE html PUBLIC "-//W3C//DTD XHTML 1.0 Transitional//EN"
    "http://www.w3.org/TR/xhtml1/DTD/xhtml1-transitional.dtd">
<html xmlns="http://www.w3.org/1999/xhtml" xml:lang="en" lang="en">
 <head>
  <title>
</title>
<meta http-equiv="Content-Type" content="text/html;charset=utf-8" />
  <meta name='ocr-system' content='tesseract 3.04.00' />
  <meta name='ocr-capabilities' content='ocr_page ocr_carea ocr_par ocr_line ocrx_word'/>
</head>
<body>
  <div class='ocr_page' id='page_1' title='image "4768887_0026.png"; bbox 0 0 2742 3571; ppageno 0'>
   <div class='ocr_carea' id='block_1_1' title="bbox 1306 192 1460 250">
    <p class='ocr_par' dir='ltr' id='par_1_1' title="bbox 1306 192 1460 250">
     <span class='ocr_line' id='line_1_1' title="bbox 1306 192 1460 250; baseline 0 -21"><span class='ocrx_word' id='word_1_1' title='bbox 1306 192 1460 250; x_wconf 61' lang='lat'>——14</span> 
     </span>
    </p>
   </div>
   <div class='ocr_carea' id='block_1_2' title="bbox 547 316 2433 1267">
    <p class='ocr_par' dir='ltr' id='par_1_2' title="bbox 547 316 2433 1267">
     <span class='ocr_line' id='line_1_2' title="bbox 669 316 1478 367; baseline -0.002 -12"><span class='ocrx_word' id='word_1_2' title='bbox 669 318 876 367; x_wconf 78' lang='grc' dir='ltr'><strong><em>μεταθεῖναι</em></strong></span> <span class='ocrx_word' id='word_1_3' title='bbox 895 316 987 367; x_wconf 73' lang='grc' dir='ltr'><strong><em>μήτε</em></strong></span> <span class='ocrx_word' id='word_1_4' title='bbox 1010 316 1288 366; x_wconf 74' lang='grc' dir='ltr'><strong><em>ἐξαλλοτριῶσαι</em></strong></span> <span class='ocrx_word' id='word_1_5' title='bbox 1308 316 1398 367; x_wconf 77' lang='grc' dir='ltr'><strong><em>μήτε</em></strong></span> <span class='ocrx_word' id='word_1_6' title='bbox 1423 317 1478 354; x_wconf 87' lang='grc' dir='ltr'><strong><em>δό-</em></strong></span> 
     </span>
     <span class='ocr_line' id='line_1_3' title="bbox 672 384 1572 438; baseline -0.002 -14"><span class='ocrx_word' id='word_1_7' title='bbox 672 387 723 437; x_wconf 85' lang='grc' dir='ltr'><strong><em>λῳ</em></strong></span> <span class='ocrx_word' id='word_1_8' title='bbox 746 388 890 438; x_wconf 78' lang='grc' dir='ltr'><em>πονηρῷ</em></span> <span class='ocrx_word' id='word_1_9' title='bbox 912 400 944 423; x_wconf 89' lang='grc' dir='ltr'><strong><em>τι</em></strong></span> <span class='ocrx_word' id='word_1_10' title='bbox 967 387 1123 438; x_wconf 83' lang='grc' dir='ltr'><strong><em>ποιῆσαι·</em></strong></span> <span class='ocrx_word' id='word_1_11' title='bbox 1149 386 1283 437; x_wconf 84' lang='grc' dir='ltr'><strong><em>ὁμοίως</em></strong></span> <span class='ocrx_word' id='word_1_12' title='bbox 1307 386 1349 424; x_wconf 88' lang='grc' dir='ltr'><strong><em>δὲ</em></strong></span> <span class='ocrx_word' id='word_1_13' title='bbox 1369 385 1492 437; x_wconf 82' lang='grc' dir='ltr'><strong><em>μηδενὶ</em></strong></span> <span class='ocrx_word' id='word_1_14' title='bbox 1517 384 1572 430; x_wconf 76' lang='grc' dir='ltr'><strong><em>ἐξ·</em></strong></span> 
     </span>
     <span class='ocr_line' id='line_1_4' title="bbox 669 454 1627 505; baseline -0.001 -13"><span class='ocrx_word' id='word_1_15' title='bbox 669 456 765 492; x_wconf 86' lang='grc' dir='ltr'><strong><em>έστω</em></strong></span> <span class='ocrx_word' id='word_1_16' title='bbox 788 456 963 504; x_wconf 75' lang='grc' dir='ltr'><em>ἀγοράσω</em></span> <span class='ocrx_word' id='word_1_17' title='bbox 986 455 1072 492; x_wconf 82' lang='grc' dir='ltr'><strong><em>αὐτὸ</em></strong></span> <span class='ocrx_word' id='word_1_18' title='bbox 1096 454 1117 505; x_wconf 81' lang='grc' dir='ltr'>ἢ</span> <span class='ocrx_word' id='word_1_19' title='bbox 1143 456 1239 504; x_wconf 83' lang='grc' dir='ltr'><strong><em>δόλῳ</em></strong></span> <span class='ocrx_word' id='word_1_20' title='bbox 1263 459 1404 505; x_wconf 79' lang='grc' dir='ltr'><em>πονηρῷ</em></span> <span class='ocrx_word' id='word_1_21' title='bbox 1427 469 1458 491; x_wconf 88' lang='grc' dir='ltr'><strong><em>τι</em></strong></span> <span class='ocrx_word' id='word_1_22' title='bbox 1478 457 1627 503; x_wconf 77' lang='grc' dir='ltr'><strong><em>ποιῆσαι.</em></strong></span> 
     </span>
     <span class='ocr_line' id='line_1_5' title="bbox 592 521 1571 573; baseline 0.001 -14"><span class='ocrx_word' id='word_1_23' title='bbox 592 526 630 556; x_wconf 88' lang='grc'><strong><em>10</em></strong></span> <span class='ocrx_word' id='word_1_24' title='bbox 673 526 729 571; x_wconf 79' lang='grc' dir='ltr'><strong><em>τῷ</em></strong></span> <span class='ocrx_word' id='word_1_25' title='bbox 748 522 790 560; x_wconf 88' lang='grc' dir='ltr'><strong><em>δὲ</em></strong></span> <span class='ocrx_word' id='word_1_26' title='bbox 814 522 1014 560; x_wconf 76' lang='grc' dir='ltr'><strong><em>ὑπεναντίον</em></strong></span> <span class='ocrx_word' id='word_1_27' title='bbox 1040 523 1179 565; x_wconf 77' lang='grc' dir='ltr'><strong><em>τούτοις</em></strong></span> <span class='ocrx_word' id='word_1_28' title='bbox 1203 539 1235 560; x_wconf 92' lang='grc' dir='ltr'><strong><em>τι</em></strong></span> <span class='ocrx_word' id='word_1_29' title='bbox 1257 523 1434 573; x_wconf 76' lang='grc' dir='ltr'><strong><em>ποιήσαντι</em></strong></span> <span class='ocrx_word' id='word_1_30' title='bbox 1458 521 1479 572; x_wconf 76' lang='grc' dir='ltr'>ἢ</span> <span class='ocrx_word' id='word_1_31' title='bbox 1502 538 1571 560; x_wconf 90' lang='grc' dir='ltr'><strong><em>πω-</em></strong></span> 
     </span>
     <span class='ocr_line' id='line_1_6' title="bbox 670 591 1635 643; baseline 0.001 -15"><span class='ocrx_word' id='word_1_32' title='bbox 670 591 809 642; x_wconf 79' lang='grc' dir='ltr'><strong><em>λήσαντι</em></strong></span> <span class='ocrx_word' id='word_1_33' title='bbox 833 591 854 643; x_wconf 78' lang='grc' dir='ltr'><em>ἢ</em></span> <span class='ocrx_word' id='word_1_34' title='bbox 875 592 1069 642; x_wconf 77' lang='grc' dir='ltr'><strong><em>μεταθέντι</em></strong></span> <span class='ocrx_word' id='word_1_35' title='bbox 1092 591 1114 643; x_wconf 80' lang='grc' dir='ltr'>ἢ</span> <span class='ocrx_word' id='word_1_36' title='bbox 1139 593 1234 643; x_wconf 84' lang='grc' dir='ltr'><em>δόλῳ</em></span> <span class='ocrx_word' id='word_1_37' title='bbox 1257 596 1400 643; x_wconf 78' lang='grc' dir='ltr'><strong><em>πονηρῷ</em></strong></span> <span class='ocrx_word' id='word_1_38' title='bbox 1422 605 1454 629; x_wconf 90' lang='grc' dir='ltr'><strong><em>τι</em></strong></span> <span class='ocrx_word' id='word_1_39' title='bbox 1477 592 1635 643; x_wconf 80' lang='grc' dir='ltr'><strong><em>ποιῆσαν-</em></strong></span> 
     </span>
     <span class='ocr_line' id='line_1_7' title="bbox 670 660 1727 712; baseline 0 -15"><span class='ocrx_word' id='word_1_40' title='bbox 670 675 702 697; x_wconf 86' lang='grc' dir='ltr'><strong><em>τι</em></strong></span> <span class='ocrx_word' id='word_1_41' title='bbox 722 661 813 711; x_wconf 78' lang='grc' dir='ltr'><strong><em>μήτε</em></strong></span> <span class='ocrx_word' id='word_1_42' title='bbox 838 664 880 712; x_wconf 80' lang='grc' dir='ltr'><strong><em>γῆ</em></strong></span> <span class='ocrx_word' id='word_1_43' title='bbox 905 662 958 712; x_wconf 83' lang='grc' dir='ltr'><strong><em>εἴη</em></strong></span> <span class='ocrx_word' id='word_1_44' title='bbox 980 662 1075 711; x_wconf 75' lang='grc' dir='ltr'><strong><em>βατὴ</em></strong></span> <span class='ocrx_word' id='word_1_45' title='bbox 1096 662 1185 712; x_wconf 78' lang='grc' dir='ltr'><strong><em>μήτε</em></strong></span> <span class='ocrx_word' id='word_1_46' title='bbox 1210 661 1367 711; x_wconf 79' lang='grc' dir='ltr'><strong><em>καρποὺς</em></strong></span> <span class='ocrx_word' id='word_1_47' title='bbox 1390 660 1435 698; x_wconf 80' lang='grc' dir='ltr'><strong><em>ἐκ</em></strong></span> <span class='ocrx_word' id='word_1_48' title='bbox 1460 663 1523 711; x_wconf 75' lang='grc' dir='ltr'><strong><em>γῆς</em></strong></span> <span class='ocrx_word' id='word_1_49' title='bbox 1547 660 1569 710; x_wconf 76' lang='grc' dir='ltr'><em>ἢ</em></span> <span class='ocrx_word' id='word_1_50' title='bbox 1593 660 1638 698; x_wconf 84' lang='grc' dir='ltr'><strong><em>ἐκ</em></strong></span> <span class='ocrx_word' id='word_1_51' title='bbox 1663 662 1727 697; x_wconf 74' lang='grc' dir='ltr'><strong><em>θα·</em></strong></span> 
     </span>
     <span class='ocr_line' id='line_1_8' title="bbox 670 728 1659 780; baseline -0.001 -14"><span class='ocrx_word' id='word_1_52' title='bbox 670 730 806 779; x_wconf 85' lang='grc' dir='ltr'><strong><em>λάσσης</em></strong></span> <span class='ocrx_word' id='word_1_53' title='bbox 829 730 971 780; x_wconf 78' lang='grc' dir='ltr'><strong><em>ἱλαροὺς</em></strong></span> <span class='ocrx_word' id='word_1_54' title='bbox 994 730 1047 780; x_wconf 85' lang='grc' dir='ltr'><strong><em>εἴη</em></strong></span> <span class='ocrx_word' id='word_1_55' title='bbox 1071 730 1254 775; x_wconf 75' lang='grc' dir='ltr'><strong><em>δέξασθαι,</em></strong></span> <span class='ocrx_word' id='word_1_56' title='bbox 1280 730 1320 765; x_wconf 79' lang='grc' dir='ltr'><strong><em>οἵ</em></strong></span> <span class='ocrx_word' id='word_1_57' title='bbox 1336 742 1375 765; x_wconf 90' lang='grc' dir='ltr'><strong><em>τε</em></strong></span> <span class='ocrx_word' id='word_1_58' title='bbox 1401 729 1480 766; x_wconf 75' lang='grc' dir='ltr'><strong><em>θεοὶ</em></strong></span> <span class='ocrx_word' id='word_1_59' title='bbox 1504 730 1537 765; x_wconf 81' lang='grc' dir='ltr'><strong><em>οἱ</em></strong></span> <span class='ocrx_word' id='word_1_60' title='bbox 1559 728 1659 779; x_wconf 84' lang='grc' dir='ltr'><strong><em>οὐρά-</em></strong></span> 
     </span>
     <span class='ocr_line' id='line_1_9' title="bbox 670 799 1667 849; baseline 0.001 -15"><span class='ocrx_word' id='word_1_61' title='bbox 670 812 734 835; x_wconf 88' lang='grc' dir='ltr'><strong><em>νιοι</em></strong></span> <span class='ocrx_word' id='word_1_62' title='bbox 759 800 819 835; x_wconf 79' lang='grc' dir='ltr'><strong><em>καὶ</em></strong></span> <span class='ocrx_word' id='word_1_63' title='bbox 843 800 877 835; x_wconf 78' lang='grc' dir='ltr'><strong><em>οἱ</em></strong></span> <span class='ocrx_word' id='word_1_64' title='bbox 900 800 993 836; x_wconf 85' lang='grc' dir='ltr'><strong><em>κατὰ</em></strong></span> <span class='ocrx_word' id='word_1_65' title='bbox 1018 802 1081 849; x_wconf 79' lang='grc' dir='ltr'><strong><em>γῆς</em></strong></span> <span class='ocrx_word' id='word_1_66' title='bbox 1103 800 1268 840; x_wconf 80' lang='grc' dir='ltr'><strong><em>δαίμονες</em></strong></span> <span class='ocrx_word' id='word_1_67' title='bbox 1292 799 1533 849; x_wconf 78' lang='grc' dir='ltr'><strong><em>κεχολωμένοι</em></strong></span> <span class='ocrx_word' id='word_1_68' title='bbox 1557 799 1667 835; x_wconf 83' lang='grc' dir='ltr'><strong><em>αὐτῶ-</em></strong></span> 
     </span>
     <span class='ocr_line' id='line_1_10' title="bbox 587 866 1868 919; baseline 0.001 -15"><span class='ocrx_word' id='word_1_69' title='bbox 587 870 628 900; x_wconf 75' lang='grc'><strong><em>15</em></strong></span> <span class='ocrx_word' id='word_1_70' title='bbox 672 883 683 904; x_wconf 84' lang='lat' dir='ltr'><em>e</em></span> <span class='ocrx_word' id='word_1_71' title='bbox 708 869 768 905; x_wconf 77' lang='grc' dir='ltr'><strong><em>καὶ</em></strong></span> <span class='ocrx_word' id='word_1_72' title='bbox 793 869 884 918; x_wconf 81' lang='grc' dir='ltr'><strong><em>γένει</em></strong></span> <span class='ocrx_word' id='word_1_73' title='bbox 908 868 1015 906; x_wconf 83' lang='grc' dir='ltr'><strong><em>αὐτοῦ</em></strong></span> <span class='ocrx_word' id='word_1_74' title='bbox 1040 868 1176 918; x_wconf 78' lang='grc' dir='ltr'><strong><em>εἴησαν·</em></strong></span> <span class='ocrx_word' id='word_1_75' title='bbox 1204 868 1262 905; x_wconf 78' lang='grc' dir='ltr'><strong><em>καὶ</em></strong></span> <span class='ocrx_word' id='word_1_76' title='bbox 1286 868 1307 904; x_wconf 82' lang='grc' dir='ltr'><strong>ὁ</strong></span> <span class='ocrx_word' id='word_1_77' title='bbox 1331 868 1427 917; x_wconf 86' lang='grc' dir='ltr'><strong><em>παρὰ</em></strong></span> <span class='ocrx_word' id='word_1_78' title='bbox 1452 869 1563 905; x_wconf 79' lang='grc' dir='ltr'><strong><em>ταῦτα</em></strong></span> <span class='ocrx_word' id='word_1_79' title='bbox 1586 868 1731 919; x_wconf 77' lang='grc' dir='ltr'><strong><em>ποιήσας</em></strong></span> <span class='ocrx_word' id='word_1_80' title='bbox 1754 866 1775 918; x_wconf 79' lang='grc' dir='ltr'>ἢ</span> <span class='ocrx_word' id='word_1_81' title='bbox 1800 882 1868 905; x_wconf 81' lang='grc' dir='ltr'><strong><em>πω·</em></strong></span> 
     </span>
     <span class='ocr_line' id='line_1_11' title="bbox 675 935 1732 989; baseline -0.001 -14"><span class='ocrx_word' id='word_1_82' title='bbox 675 938 785 989; x_wconf 81' lang='grc' dir='ltr'><strong><em>λησας</em></strong></span> <span class='ocrx_word' id='word_1_83' title='bbox 808 936 829 988; x_wconf 72' lang='grc' dir='ltr'>ἢ</span> <span class='ocrx_word' id='word_1_84' title='bbox 850 938 1024 989; x_wconf 76' lang='grc' dir='ltr'><strong><em>μεταθεὶς</em></strong></span> <span class='ocrx_word' id='word_1_85' title='bbox 1047 935 1068 987; x_wconf 82' lang='grc' dir='ltr'>ἢ</span> <span class='ocrx_word' id='word_1_86' title='bbox 1094 937 1278 987; x_wconf 85' lang='grc' dir='ltr'><strong><em>ἀγοράσας</em></strong></span> <span class='ocrx_word' id='word_1_87' title='bbox 1302 936 1526 973; x_wconf 83' lang='grc' dir='ltr'><strong><em>ἀποτεισάτω</em></strong></span> <span class='ocrx_word' id='word_1_88' title='bbox 1551 940 1598 987; x_wconf 75' lang='grc' dir='ltr'><strong><em>τῇ</em></strong></span> <span class='ocrx_word' id='word_1_89' title='bbox 1620 937 1732 986; x_wconf 85' lang='grc' dir='ltr'><strong><em>Ζμυρ-</em></strong></span> 
     </span>
     <span class='ocr_line' id='line_1_12' title="bbox 674 1005 1706 1057; baseline -0.004 -13"><span class='ocrx_word' id='word_1_90' title='bbox 674 1009 778 1044; x_wconf 86' lang='grc' dir='ltr'><strong><em>ναίων</em></strong></span> <span class='ocrx_word' id='word_1_91' title='bbox 804 1008 970 1057; x_wconf 79' lang='grc' dir='ltr'><strong><em>γερουσίᾳ</em></strong></span> <span class='ocrx_word' id='word_1_92' title='bbox 995 1007 1163 1056; x_wconf 82' lang='grc' dir='ltr'><strong><em>ἀργυρίου</em></strong></span> <span class='ocrx_word' id='word_1_93' title='bbox 1188 1005 1334 1055; x_wconf 85' lang='grc' dir='ltr'><strong><em>δηνάρια</em></strong></span> <span class='ocrx_word' id='word_1_94' title='bbox 1359 1005 1532 1055; x_wconf 82' lang='grc' dir='ltr'><strong><em>δισχείλια</em></strong></span> <span class='ocrx_word' id='word_1_95' title='bbox 1556 1005 1616 1040; x_wconf 78' lang='grc' dir='ltr'><strong><em>καὶ</em></strong></span> <span class='ocrx_word' id='word_1_96' title='bbox 1641 1006 1706 1041; x_wconf 84' lang='grc' dir='ltr'><strong><em>τῶ-</em></strong></span> 
     </span>
     <span class='ocr_line' id='line_1_13' title="bbox 673 1072 1736 1124; baseline -0.005 -11"><span class='ocrx_word' id='word_1_97' title='bbox 673 1092 684 1112; x_wconf 88' lang='grc' dir='ltr'><strong><em>ι</em></strong></span> <span class='ocrx_word' id='word_1_98' title='bbox 707 1075 1033 1124; x_wconf 78' lang='grc' dir='ltr'><strong><em>ἐπεξελευσομ[ένῳ</em></strong></span> <span class='ocrx_word' id='word_1_99' title='bbox 1058 1073 1173 1123; x_wconf 85' lang='grc' dir='ltr'><strong><em>τούτῳ</em></strong></span> <span class='ocrx_word' id='word_1_100' title='bbox 1198 1078 1251 1122; x_wconf 82' lang='grc' dir='ltr'><strong><em>τῷ</em></strong></span> <span class='ocrx_word' id='word_1_101' title='bbox 1270 1073 1416 1123; x_wconf 79' lang='grc' dir='ltr'><strong><em>μνημήῳ</em></strong></span> <span class='ocrx_word' id='word_1_102' title='bbox 1440 1072 1545 1121; x_wconf 81' lang='grc' dir='ltr'><strong><em>ἄ]λλα</em></strong></span> <span class='ocrx_word' id='word_1_103' title='bbox 1568 1073 1736 1122; x_wconf 77' lang='grc' dir='ltr'><strong><em>ἀργυρίου</em></strong></span> 
     </span>
     <span class='ocr_line' id='line_1_14' title="bbox 672 1139 2433 1195; baseline -0.001 -14"><span class='ocrx_word' id='word_1_104' title='bbox 672 1145 819 1194; x_wconf 77' lang='grc' dir='ltr'><strong><em>δηνάρια</em></strong></span> <span class='ocrx_word' id='word_1_105' title='bbox 838 1145 957 1195; x_wconf 82' lang='grc' dir='ltr'><strong><em>χείλια</em></strong></span> <span class='ocrx_word' id='word_1_106' title='bbox 981 1144 1040 1180; x_wconf 76' lang='grc' dir='ltr'><strong><em>καὶ</em></strong></span> <span class='ocrx_word' id='word_1_107' title='bbox 1065 1142 1184 1190; x_wconf 81' lang='grc' dir='ltr'><strong><em>οὐδὲ[ν</em></strong></span> <span class='ocrx_word' id='word_1_108' title='bbox 1208 1140 1316 1192; x_wconf 80' lang='grc' dir='ltr'><strong><em>ἧσσον</em></strong></span> <span class='ocrx_word' id='word_1_109' title='bbox 1341 1139 1436 1179; x_wconf 81' lang='grc' dir='ltr'><strong><em>ἔστω</em></strong></span> <span class='ocrx_word' id='word_1_110' title='bbox 1460 1140 1653 1183; x_wconf 78' lang='grc' dir='ltr'><strong><em>ὑπεύθυνος</em></strong></span> <span class='ocrx_word' id='word_1_111' title='bbox 1678 1143 1749 1178; x_wconf 82' lang='grc' dir='ltr'><strong><em>τῶν</em></strong></span> <span class='ocrx_word' id='word_1_112' title='bbox 1772 1141 2017 1192; x_wconf 84' lang='grc' dir='ltr'><strong><em>πλημμελ]ηῶν</em></strong></span> <span class='ocrx_word' id='word_1_113' title='bbox 2043 1144 2113 1180; x_wconf 84' lang='grc' dir='ltr'><strong><em>τῶν</em></strong></span> <span class='ocrx_word' id='word_1_114' title='bbox 2137 1143 2433 1193; x_wconf 81' lang='grc' dir='ltr'><strong><em>κ[ατηραμένων].</em></strong></span> 
     </span>
     <span class='ocr_line' id='line_1_15' title="bbox 547 1212 1073 1267; baseline -0.008 -13"><span class='ocrx_word' id='word_1_115' title='bbox 547 1214 585 1254; x_wconf 87' lang='grc'><strong><em>111</em></strong></span> <span class='ocrx_word' id='word_1_116' title='bbox 615 1214 806 1264; x_wconf 84' lang='lat' dir='ltr'><strong>margine:</strong></span> <span class='ocrx_word' id='word_1_117' title='bbox 835 1212 1073 1267; x_wconf 82' lang='grc' dir='ltr'><strong><em>ὀριγ[ά]νιον.</em></strong></span> 
     </span>
    </p>
   </div>
   <div class='ocr_carea' id='block_1_3' title="bbox 417 1327 2439 2625">
    <p class='ocr_par' dir='ltr' id='par_1_3' title="bbox 417 1327 2439 2625">
     <span class='ocr_line' id='line_1_16' title="bbox 544 1327 2436 1381; baseline 0 -12"><span class='ocrx_word' id='word_1_118' title='bbox 544 1329 611 1369; x_wconf 92' lang='grc' dir='ltr'><strong><em>νε.</em></strong></span> <span class='ocrx_word' id='word_1_119' title='bbox 626 1329 663 1369; x_wconf 89' lang='lat'><strong><em>3.</em></strong></span> <span class='ocrx_word' id='word_1_120' title='bbox 683 1328 705 1367; x_wconf 77' lang='grc' dir='ltr'><strong>ὃ</strong></span> <span class='ocrx_word' id='word_1_121' title='bbox 720 1330 778 1368; x_wconf 77' lang='grc' dir='ltr'><strong><em>καὶ</em></strong></span> <span class='ocrx_word' id='word_1_122' title='bbox 797 1329 871 1368; x_wconf 78' lang='grc' dir='ltr'><strong><em>κτλ.</em></strong></span> <span class='ocrx_word' id='word_1_123' title='bbox 892 1327 1108 1370; x_wconf 85' lang='lat' dir='ltr'>Verborum</span> <span class='ocrx_word' id='word_1_124' title='bbox 1127 1327 1377 1369; x_wconf 82' lang='lat' dir='ltr'><strong>conformatio</strong></span> <span class='ocrx_word' id='word_1_125' title='bbox 1395 1339 1471 1368; x_wconf 91' lang='lat' dir='ltr'><strong><em>non</em></strong></span> <span class='ocrx_word' id='word_1_126' title='bbox 1490 1327 1637 1378; x_wconf 90' lang='lat' dir='ltr'><strong>optima</strong></span> <span class='ocrx_word' id='word_1_127' title='bbox 1655 1327 1722 1368; x_wconf 89' lang='lat' dir='ltr'><strong>illa</strong></span> <span class='ocrx_word' id='word_1_128' title='bbox 1740 1328 1895 1378; x_wconf 90' lang='lat' dir='ltr'><strong>quidem</strong></span> <span class='ocrx_word' id='word_1_129' title='bbox 1915 1331 1974 1369; x_wconf 88' lang='lat' dir='ltr'><strong><em>est</em></strong></span> <span class='ocrx_word' id='word_1_130' title='bbox 1992 1328 2061 1369; x_wconf 88' lang='lat' dir='ltr'><strong><em>sed</em></strong></span> <span class='ocrx_word' id='word_1_131' title='bbox 2080 1328 2249 1379; x_wconf 77' lang='lat' dir='ltr'><strong>genuina</strong></span> <span class='ocrx_word' id='word_1_132' title='bbox 2266 1328 2436 1381; x_wconf 80' lang='lat' dir='ltr'><strong>videtur3</strong></span> 
     </span>
     <span class='ocr_line' id='line_1_17' title="bbox 419 1402 2437 1457; baseline 0.001 -13"><span class='ocrx_word' id='word_1_133' title='bbox 419 1415 507 1444; x_wconf 79' lang='lat' dir='ltr'><strong>nam</strong></span> <span class='ocrx_word' id='word_1_134' title='bbox 534 1403 648 1443; x_wconf 86' lang='lat' dir='ltr'><strong>litera</strong></span> <span class='ocrx_word' id='word_1_135' title='bbox 676 1402 719 1446; x_wconf 92' lang='lat' dir='ltr'>O</span> <span class='ocrx_word' id='word_1_136' title='bbox 748 1403 965 1444; x_wconf 86' lang='lat' dir='ltr'><strong>certissima</strong></span> <span class='ocrx_word' id='word_1_137' title='bbox 993 1407 1054 1442; x_wconf 89' lang='lat' dir='ltr'><strong><em>est</em></strong></span> <span class='ocrx_word' id='word_1_138' title='bbox 1088 1408 1205 1453; x_wconf 87' lang='lat' dir='ltr'><strong>atque</strong></span> <span class='ocrx_word' id='word_1_139' title='bbox 1242 1406 1351 1443; x_wconf 83' lang='lat' dir='ltr'><strong>tanta</strong></span> <span class='ocrx_word' id='word_1_140' title='bbox 1379 1407 1425 1443; x_wconf 94' lang='lat' dir='ltr'><strong><em>ut</em></strong></span> <span class='ocrx_word' id='word_1_141' title='bbox 1451 1415 1520 1454; x_wconf 91' lang='lat' dir='ltr'><strong>pro</strong></span> <span class='ocrx_word' id='word_1_142' title='bbox 1556 1404 1666 1454; x_wconf 83' lang='lat' dir='ltr'><strong>signo</strong></span> <span class='ocrx_word' id='word_1_143' title='bbox 1700 1404 2019 1455; x_wconf 81' lang='lat' dir='ltr'><strong>interpunctionis</strong></span> <span class='ocrx_word' id='word_1_144' title='bbox 2046 1405 2167 1456; x_wconf 86' lang='lat' dir='ltr'><strong>accipi</strong></span> <span class='ocrx_word' id='word_1_145' title='bbox 2195 1416 2269 1446; x_wconf 91' lang='lat' dir='ltr'><strong><em>non</em></strong></span> <span class='ocrx_word' id='word_1_146' title='bbox 2297 1406 2437 1457; x_wconf 83' lang='lat' dir='ltr'><strong>possit3</strong></span> 
     </span>
     <span class='ocr_line' id='line_1_18' title="bbox 418 1476 2439 1531; baseline 0.001 -13"><span class='ocrx_word' id='word_1_147' title='bbox 418 1478 524 1528; x_wconf 86' lang='lat' dir='ltr'><strong>quod</strong></span> <span class='ocrx_word' id='word_1_148' title='bbox 550 1482 686 1519; x_wconf 89' lang='lat' dir='ltr'><strong>contra</strong></span> <span class='ocrx_word' id='word_1_149' title='bbox 713 1478 915 1518; x_wconf 90' lang='lat' dir='ltr'><strong>Perrotum</strong></span> <span class='ocrx_word' id='word_1_150' title='bbox 944 1489 1090 1517; x_wconf 90' lang='lat' dir='ltr'><strong>moneo.</strong></span> <span class='ocrx_word' id='word_1_151' title='bbox 1147 1476 1438 1527; x_wconf 83' lang='lat' dir='ltr'><strong>Sarcophagum</strong></span> <span class='ocrx_word' id='word_1_152' title='bbox 1462 1499 1514 1505; x_wconf 90' lang='lat'><strong><em>——</em></strong></span> <span class='ocrx_word' id='word_1_153' title='bbox 1543 1479 1584 1517; x_wconf 92' lang='lat' dir='ltr'><strong><em>ni</em></strong></span> <span class='ocrx_word' id='word_1_154' title='bbox 1612 1478 1725 1518; x_wconf 80' lang='lat' dir='ltr'><strong>fallor</strong></span> <span class='ocrx_word' id='word_1_155' title='bbox 1753 1500 1800 1506; x_wconf 92' lang='lat'><strong><em>-—</em></strong></span> <span class='ocrx_word' id='word_1_156' title='bbox 1829 1482 1964 1519; x_wconf 79' lang='lat' dir='ltr'><strong>auctor</strong></span> <span class='ocrx_word' id='word_1_157' title='bbox 1998 1480 2101 1519; x_wconf 89' lang='lat' dir='ltr'><strong>tituli</strong></span> <span class='ocrx_word' id='word_1_158' title='bbox 2128 1480 2211 1531; x_wconf 87' lang='lat' dir='ltr'><strong>ipse</strong></span> <span class='ocrx_word' id='word_1_159' title='bbox 2237 1478 2439 1520; x_wconf 85' lang='lat' dir='ltr'><strong>conficien-</strong></span> 
     </span>
     <span class='ocr_line' id='line_1_19' title="bbox 419 1550 2439 1601; baseline 0.001 -10"><span class='ocrx_word' id='word_1_160' title='bbox 419 1552 511 1591; x_wconf 90' lang='lat' dir='ltr'><strong><em>dum</em></strong></span> <span class='ocrx_word' id='word_1_161' title='bbox 538 1554 753 1599; x_wconf 84' lang='lat' dir='ltr'><strong>curaverat,</strong></span> <span class='ocrx_word' id='word_1_162' title='bbox 781 1550 1000 1601; x_wconf 89' lang='lat' dir='ltr'><strong>sepulcrum</strong></span> <span class='ocrx_word' id='word_1_163' title='bbox 1027 1551 1130 1600; x_wconf 86' lang='lat' dir='ltr'><strong>quod</strong></span> <span class='ocrx_word' id='word_1_164' title='bbox 1158 1550 1348 1599; x_wconf 90' lang='lat' dir='ltr'><strong>quomodo</strong></span> <span class='ocrx_word' id='word_1_165' title='bbox 1377 1554 1513 1590; x_wconf 86' lang='lat' dir='ltr'><strong>nactus</strong></span> <span class='ocrx_word' id='word_1_166' title='bbox 1541 1551 1594 1590; x_wconf 91' lang='lat' dir='ltr'><strong><em>sit</em></strong></span> <span class='ocrx_word' id='word_1_167' title='bbox 1621 1551 1749 1590; x_wconf 86' lang='lat' dir='ltr'><strong>dicere</strong></span> <span class='ocrx_word' id='word_1_168' title='bbox 1776 1552 1920 1591; x_wconf 90' lang='lat' dir='ltr'><strong>omittit</strong></span> <span class='ocrx_word' id='word_1_169' title='bbox 1949 1563 2036 1592; x_wconf 91' lang='lat' dir='ltr'><strong>eum</strong></span> <span class='ocrx_word' id='word_1_170' title='bbox 2053 1556 2123 1592; x_wconf 88' lang='lat' dir='ltr'><strong>aut</strong></span> <span class='ocrx_word' id='word_1_171' title='bbox 2143 1553 2359 1593; x_wconf 83' lang='lat' dir='ltr'><strong>hereditate</strong></span> <span class='ocrx_word' id='word_1_172' title='bbox 2377 1565 2439 1593; x_wconf 89' lang='lat' dir='ltr'><strong>ac-</strong></span> 
     </span>
     <span class='ocr_line' id='line_1_20' title="bbox 420 1622 2438 1676; baseline -0 -9"><span class='ocrx_word' id='word_1_173' title='bbox 420 1626 569 1676; x_wconf 86' lang='lat' dir='ltr'><strong>cepisse</strong></span> <span class='ocrx_word' id='word_1_174' title='bbox 595 1628 665 1665; x_wconf 83' lang='lat' dir='ltr'><strong>aut</strong></span> <span class='ocrx_word' id='word_1_175' title='bbox 692 1624 833 1664; x_wconf 84' lang='lat' dir='ltr'><strong>emisse</strong></span> <span class='ocrx_word' id='word_1_176' title='bbox 859 1624 1073 1674; x_wconf 88' lang='lat' dir='ltr'><strong>putandum</strong></span> <span class='ocrx_word' id='word_1_177' title='bbox 1093 1628 1163 1662; x_wconf 88' lang='lat' dir='ltr'><strong>est.</strong></span> <span class='ocrx_word' id='word_1_178' title='bbox 1191 1624 1256 1662; x_wconf 89' lang='lat' dir='ltr'><strong>Vs.</strong></span> <span class='ocrx_word' id='word_1_179' title='bbox 1277 1624 1313 1661; x_wconf 85' lang='lat'><strong><em>4.</em></strong></span> <span class='ocrx_word' id='word_1_180' title='bbox 1341 1622 1398 1663; x_wconf 84' lang='lat' dir='ltr'><strong><em>Cf.</em></strong></span> <span class='ocrx_word' id='word_1_181' title='bbox 1424 1624 1612 1672; x_wconf 86' lang='lat' dir='ltr'><strong>imprimis</strong></span> <span class='ocrx_word' id='word_1_182' title='bbox 1639 1623 1682 1663; x_wconf 88' lang='lat' dir='ltr'><strong><em>C.</em></strong></span> <span class='ocrx_word' id='word_1_183' title='bbox 1702 1624 1733 1663; x_wconf 92' lang='grc' dir='ltr'><strong><em>Ι.</em></strong></span> <span class='ocrx_word' id='word_1_184' title='bbox 1761 1635 1799 1663; x_wconf 85' lang='grc'><strong><em>11.</em></strong></span> <span class='ocrx_word' id='word_1_185' title='bbox 1826 1624 1928 1664; x_wconf 88' lang='grc'><strong>2835</strong></span> <span class='ocrx_word' id='word_1_186' title='bbox 1953 1628 1993 1665; x_wconf 81' lang='grc' dir='ltr'><strong><em>ἐν</em></strong></span> <span class='ocrx_word' id='word_1_187' title='bbox 2016 1629 2058 1665; x_wconf 86' lang='grc' dir='ltr'><strong><em>δὲ</em></strong></span> <span class='ocrx_word' id='word_1_188' title='bbox 2076 1632 2153 1670; x_wconf 78' lang='grc' dir='ltr'><strong><em>ταῖς</em></strong></span> <span class='ocrx_word' id='word_1_189' title='bbox 2168 1629 2357 1671; x_wconf 77' lang='grc' dir='ltr'><strong><em>εῖσώσταις</em></strong></span> <span class='ocrx_word' id='word_1_190' title='bbox 2372 1629 2438 1666; x_wconf 80' lang='grc' dir='ltr'><strong><em>οὐκ</em></strong></span> 
     </span>
     <span class='ocr_line' id='line_1_21' title="bbox 420 1697 2438 1752; baseline 0 -12"><span class='ocrx_word' id='word_1_191' title='bbox 420 1703 563 1747; x_wconf 77' lang='grc' dir='ltr'><strong><em>ἐξέσται</em></strong></span> <span class='ocrx_word' id='word_1_192' title='bbox 587 1702 701 1751; x_wconf 80' lang='grc' dir='ltr'><strong><em>θάψαι</em></strong></span> <span class='ocrx_word' id='word_1_193' title='bbox 725 1724 755 1729; x_wconf 86' lang='lat'>—</span> <span class='ocrx_word' id='word_1_194' title='bbox 781 1701 1019 1750; x_wconf 80' lang='grc' dir='ltr'><strong><em>κληρονόμους</em></strong></span> <span class='ocrx_word' id='word_1_195' title='bbox 1035 1700 1161 1747; x_wconf 81' lang='grc' dir='ltr'><strong><em>αὐτῶν,</em></strong></span> <span class='ocrx_word' id='word_1_196' title='bbox 1200 1709 1237 1737; x_wconf 84' lang='lat' dir='ltr'><strong><em>n.</em></strong></span> <span class='ocrx_word' id='word_1_197' title='bbox 1263 1697 1367 1736; x_wconf 83' lang='lat'><strong>3270</strong></span> <span class='ocrx_word' id='word_1_198' title='bbox 1392 1703 1465 1742; x_wconf 82' lang='grc' dir='ltr'><strong><em>τοῖς</em></strong></span> <span class='ocrx_word' id='word_1_199' title='bbox 1481 1700 1523 1737; x_wconf 78' lang='grc' dir='ltr'><strong><em>δὲ</em></strong></span> <span class='ocrx_word' id='word_1_200' title='bbox 1549 1701 1777 1748; x_wconf 84' lang='grc' dir='ltr'><strong><em>κληρονόμοις</em></strong></span> <span class='ocrx_word' id='word_1_201' title='bbox 1795 1715 1866 1750; x_wconf 88' lang='grc' dir='ltr'><strong><em>μου</em></strong></span> <span class='ocrx_word' id='word_1_202' title='bbox 1887 1700 1953 1738; x_wconf 83' lang='grc' dir='ltr'><strong><em>οὐκ</em></strong></span> <span class='ocrx_word' id='word_1_203' title='bbox 1974 1700 2253 1752; x_wconf 70' lang='grc' dir='ltr'><strong><em>ἐπακολουθήσει</em></strong></span> <span class='ocrx_word' id='word_1_204' title='bbox 2275 1704 2379 1740; x_wconf 81' lang='grc' dir='ltr'><strong><em>τοῦτο</em></strong></span> <span class='ocrx_word' id='word_1_205' title='bbox 2396 1704 2438 1740; x_wconf 76' lang='grc' dir='ltr'><strong><em>τὸ</em></strong></span> 
     </span>
     <span class='ocr_line' id='line_1_22' title="bbox 417 1770 2438 1828; baseline 0 -14"><span class='ocrx_word' id='word_1_206' title='bbox 417 1779 594 1828; x_wconf 81' lang='grc' dir='ltr'><strong><em>μνημεῖον,</em></strong></span> <span class='ocrx_word' id='word_1_207' title='bbox 635 1785 672 1814; x_wconf 89' lang='lat' dir='ltr'><strong><em>n.</em></strong></span> <span class='ocrx_word' id='word_1_208' title='bbox 697 1771 802 1813; x_wconf 83' lang='lat'>3870</span> <span class='ocrx_word' id='word_1_209' title='bbox 827 1775 932 1812; x_wconf 84' lang='grc' dir='ltr'><strong><em>τοῦτο</em></strong></span> <span class='ocrx_word' id='word_1_210' title='bbox 957 1774 997 1812; x_wconf 86' lang='grc' dir='ltr'><strong><em>τὸ</em></strong></span> <span class='ocrx_word' id='word_1_211' title='bbox 1019 1777 1183 1825; x_wconf 82' lang='grc' dir='ltr'><strong><em>μνημεῖον</em></strong></span> <span class='ocrx_word' id='word_1_212' title='bbox 1208 1774 1438 1825; x_wconf 87' lang='grc' dir='ltr'><strong><em>κληρονόμοις</em></strong></span> <span class='ocrx_word' id='word_1_213' title='bbox 1466 1773 1531 1812; x_wconf 75' lang='grc' dir='ltr'><strong><em>οὐκ</em></strong></span> <span class='ocrx_word' id='word_1_214' title='bbox 1561 1773 1807 1826; x_wconf 76' lang='grc' dir='ltr'><strong><em>ἀκολουθήσει.</em></strong></span> <span class='ocrx_word' id='word_1_215' title='bbox 1847 1770 1914 1813; x_wconf 86' lang='lat' dir='ltr'><strong>Vs.</strong></span> <span class='ocrx_word' id='word_1_216' title='bbox 1937 1772 1973 1813; x_wconf 90' lang='lat'><strong><em>8.</em></strong></span> <span class='ocrx_word' id='word_1_217' title='bbox 1996 1773 2032 1813; x_wconf 88' lang='lat'><strong><em>9.</em></strong></span> <span class='ocrx_word' id='word_1_218' title='bbox 2057 1773 2117 1812; x_wconf 90' lang='grc'><strong><em>11.</em></strong></span> <span class='ocrx_word' id='word_1_219' title='bbox 2154 1775 2249 1827; x_wconf 86' lang='grc' dir='ltr'><strong><em>δόλῳ</em></strong></span> <span class='ocrx_word' id='word_1_220' title='bbox 2285 1780 2438 1828; x_wconf 79' lang='grc' dir='ltr'><strong><em>πονηρῷ,</em></strong></span> 
     </span>
     <span class='ocr_line' id='line_1_23' title="bbox 420 1845 2436 1897; baseline -0.001 -9"><span class='ocrx_word' id='word_1_221' title='bbox 420 1847 468 1889; x_wconf 81' lang='lat' dir='ltr'><strong><em>cs.</em></strong></span> <span class='ocrx_word' id='word_1_222' title='bbox 490 1859 528 1888; x_wconf 92' lang='lat' dir='ltr'><strong><em>n.</em></strong></span> <span class='ocrx_word' id='word_1_223' title='bbox 550 1847 665 1886; x_wconf 84' lang='grc'><strong>2485.</strong></span> <span class='ocrx_word' id='word_1_224' title='bbox 703 1846 767 1886; x_wconf 89' lang='grc' dir='ltr'><strong><em>νε.</em></strong></span> <span class='ocrx_word' id='word_1_225' title='bbox 793 1846 841 1884; x_wconf 91' lang='grc'><strong><em>12</em></strong></span> <span class='ocrx_word' id='word_1_226' title='bbox 861 1856 944 1897; x_wconf 89' lang='lat' dir='ltr'><strong>sqq.</strong></span> <span class='ocrx_word' id='word_1_227' title='bbox 987 1845 1139 1886; x_wconf 83' lang='lat' dir='ltr'><strong>Similes</strong></span> <span class='ocrx_word' id='word_1_228' title='bbox 1173 1846 1397 1886; x_wconf 87' lang='lat' dir='ltr'><strong>devotiones</strong></span> <span class='ocrx_word' id='word_1_229' title='bbox 1425 1846 1623 1886; x_wconf 87' lang='lat' dir='ltr'><strong>continent</strong></span> <span class='ocrx_word' id='word_1_230' title='bbox 1648 1845 1715 1885; x_wconf 87' lang='lat' dir='ltr'><strong>alii</strong></span> <span class='ocrx_word' id='word_1_231' title='bbox 1743 1845 1848 1886; x_wconf 86' lang='lat' dir='ltr'><strong>tituli</strong></span> <span class='ocrx_word' id='word_1_232' title='bbox 1876 1847 2020 1896; x_wconf 88' lang='lat' dir='ltr'><strong>Asiani,</strong></span> <span class='ocrx_word' id='word_1_233' title='bbox 2062 1846 2104 1886; x_wconf 89' lang='lat' dir='ltr'><strong><em>G.</em></strong></span> <span class='ocrx_word' id='word_1_234' title='bbox 2126 1847 2156 1886; x_wconf 94' lang='grc' dir='ltr'><strong><em>Ι.</em></strong></span> <span class='ocrx_word' id='word_1_235' title='bbox 2178 1846 2293 1894; x_wconf 88' lang='grc'><strong>2826,</strong></span> <span class='ocrx_word' id='word_1_236' title='bbox 2320 1847 2436 1886; x_wconf 87' lang='grc'><strong>3919.</strong></span> 
     </span>
     <span class='ocr_line' id='line_1_24' title="bbox 421 1920 2438 1973; baseline 0 -13"><span class='ocrx_word' id='word_1_237' title='bbox 421 1924 487 1962; x_wconf 88' lang='grc' dir='ltr'><strong><em>νε.</em></strong></span> <span class='ocrx_word' id='word_1_238' title='bbox 512 1923 572 1960; x_wconf 88' lang='lat'><strong><em>19.</em></strong></span> <span class='ocrx_word' id='word_1_239' title='bbox 597 1922 645 1961; x_wconf 83' lang='lat' dir='ltr'><strong><em>cf.</em></strong></span> <span class='ocrx_word' id='word_1_240' title='bbox 666 1921 710 1960; x_wconf 87' lang='lat' dir='ltr'><strong><em>G.</em></strong></span> <span class='ocrx_word' id='word_1_241' title='bbox 731 1920 761 1958; x_wconf 93' lang='grc' dir='ltr'><strong><em>Ι.</em></strong></span> <span class='ocrx_word' id='word_1_242' title='bbox 782 1921 884 1959; x_wconf 89' lang='grc'><strong>2826</strong></span> <span class='ocrx_word' id='word_1_243' title='bbox 912 1920 979 1960; x_wconf 82' lang='grc'><strong>11111</strong></span> <span class='ocrx_word' id='word_1_244' title='bbox 1007 1925 1095 1970; x_wconf 88' lang='lat' dir='ltr'><strong>post</strong></span> <span class='ocrx_word' id='word_1_245' title='bbox 1123 1921 1345 1959; x_wconf 89' lang='lat' dir='ltr'><strong>devotiones</strong></span> <span class='ocrx_word' id='word_1_246' title='bbox 1373 1920 1532 1970; x_wconf 84' lang='lat' dir='ltr'><strong>legitur:</strong></span> <span class='ocrx_word' id='word_1_247' title='bbox 1579 1924 1638 1958; x_wconf 83' lang='grc' dir='ltr'><strong><em>καὶ</em></strong></span> <span class='ocrx_word' id='word_1_248' title='bbox 1662 1924 1764 1960; x_wconf 85' lang='grc' dir='ltr'><strong><em>οὐδὲν</em></strong></span> <span class='ocrx_word' id='word_1_249' title='bbox 1788 1922 1891 1972; x_wconf 79' lang='grc' dir='ltr'><strong><em>ἧττον</em></strong></span> <span class='ocrx_word' id='word_1_250' title='bbox 1916 1922 2016 1960; x_wconf 80' lang='grc' dir='ltr'><strong><em>ἔσται</em></strong></span> <span class='ocrx_word' id='word_1_251' title='bbox 2031 1923 2224 1964; x_wconf 79' lang='grc' dir='ltr'><strong><em>ὑπεύθυνος</em></strong></span> <span class='ocrx_word' id='word_1_252' title='bbox 2237 1926 2438 1973; x_wconf 58' lang='lat' dir='ltr'><strong><em>“poor-2:414»</em></strong></span> 
     </span>
     <span class='ocr_line' id='line_1_25' title="bbox 421 1993 2439 2049; baseline -0 -13"><span class='ocrx_word' id='word_1_253' title='bbox 421 2004 467 2049; x_wconf 73' lang='grc' dir='ltr'><strong><em>τῇ</em></strong></span> <span class='ocrx_word' id='word_1_254' title='bbox 488 2000 662 2049; x_wconf 62' lang='grc' dir='ltr'><strong><em>ἱερωτάτη</em></strong></span> <span class='ocrx_word' id='word_1_255' title='bbox 689 2000 769 2047; x_wconf 77' lang='grc' dir='ltr'><strong><em>θεῷ</em></strong></span> <span class='ocrx_word' id='word_1_256' title='bbox 789 2000 985 2048; x_wconf 75' lang='grc' dir='ltr'><strong><em>Ἀφροδείτῃ</em></strong></span> <span class='ocrx_word' id='word_1_257' title='bbox 1010 2000 1061 2039; x_wconf 87' lang='grc' dir='ltr'><strong><em>εἷς</em></strong></span> <span class='ocrx_word' id='word_1_258' title='bbox 1086 1999 1218 2046; x_wconf 81' lang='grc' dir='ltr'><strong><em>κόσμον</em></strong></span> <span class='ocrx_word' id='word_1_259' title='bbox 1243 1998 1351 2048; x_wconf 81' lang='grc' dir='ltr'><strong><em>αὐτῆς</em></strong></span> <span class='ocrx_word' id='word_1_260' title='bbox 1374 1999 1520 2047; x_wconf 84' lang='grc' dir='ltr'><strong><em>δηνάρια</em></strong></span> <span class='ocrx_word' id='word_1_261' title='bbox 1543 1999 1805 2048; x_wconf 76' lang='grc' dir='ltr'><strong><em>πεντακισχίλια</em></strong></span> <span class='ocrx_word' id='word_1_262' title='bbox 1834 1999 1874 2034; x_wconf 82' lang='lat' dir='ltr'><strong>et</strong></span> <span class='ocrx_word' id='word_1_263' title='bbox 1901 1993 1942 2033; x_wconf 88' lang='lat' dir='ltr'><strong><em>C.</em></strong></span> <span class='ocrx_word' id='word_1_264' title='bbox 1965 1994 1995 2034; x_wconf 91' lang='grc' dir='ltr'><strong><em>Ῑ.</em></strong></span> <span class='ocrx_word' id='word_1_265' title='bbox 2017 1995 2120 2034; x_wconf 79' lang='grc'><strong>3266</strong></span> <span class='ocrx_word' id='word_1_266' title='bbox 2142 1995 2208 2035; x_wconf 86' lang='lat' dir='ltr'><strong>ubi</strong></span> <span class='ocrx_word' id='word_1_267' title='bbox 2233 1999 2322 2045; x_wconf 81' lang='lat' dir='ltr'><strong>post</strong></span> <span class='ocrx_word' id='word_1_268' title='bbox 2342 1994 2439 2035; x_wconf 85' lang='lat' dir='ltr'><strong><em>mul·</em></strong></span> 
     </span>
     <span class='ocr_line' id='line_1_26' title="bbox 420 2066 2437 2121; baseline -0.001 -11"><span class='ocrx_word' id='word_1_269' title='bbox 420 2073 484 2111; x_wconf 79' lang='lat' dir='ltr'><strong>tae</strong></span> <span class='ocrx_word' id='word_1_270' title='bbox 511 2069 635 2110; x_wconf 78' lang='lat' dir='ltr'><strong>minas</strong></span> <span class='ocrx_word' id='word_1_271' title='bbox 664 2069 823 2121; x_wconf 80' lang='lat' dir='ltr'><strong>legitur:</strong></span> <span class='ocrx_word' id='word_1_272' title='bbox 866 2073 925 2109; x_wconf 75' lang='grc' dir='ltr'><strong><em>καὶ</em></strong></span> <span class='ocrx_word' id='word_1_273' title='bbox 949 2071 1052 2109; x_wconf 80' lang='grc' dir='ltr'><strong><em>οὐδὲν</em></strong></span> <span class='ocrx_word' id='word_1_274' title='bbox 1076 2071 1184 2121; x_wconf 79' lang='grc' dir='ltr'><strong><em>ἧσσον</em></strong></span> <span class='ocrx_word' id='word_1_275' title='bbox 1209 2069 1304 2109; x_wconf 79' lang='grc' dir='ltr'><strong><em>ἔστω</em></strong></span> <span class='ocrx_word' id='word_1_276' title='bbox 1328 2070 1522 2113; x_wconf 78' lang='grc' dir='ltr'><strong><em>ὑπεύθυνος</em></strong></span> <span class='ocrx_word' id='word_1_277' title='bbox 1546 2072 1786 2121; x_wconf 80' lang='grc' dir='ltr'><strong><em>τυμβωρυχίᾳ.</em></strong></span> <span class='ocrx_word' id='word_1_278' title='bbox 1813 2067 1878 2108; x_wconf 89' lang='lat' dir='ltr'><strong><em>VS.</em></strong></span> <span class='ocrx_word' id='word_1_279' title='bbox 1897 2068 1956 2107; x_wconf 87' lang='grc'><strong><em>19.</em></strong></span> <span class='ocrx_word' id='word_1_280' title='bbox 1971 2066 2036 2107; x_wconf 90' lang='lat' dir='ltr'><strong><em>fin.</em></strong></span> <span class='ocrx_word' id='word_1_281' title='bbox 2064 2067 2316 2109; x_wconf 81' lang='lat' dir='ltr'><strong>Desideratur</strong></span> <span class='ocrx_word' id='word_1_282' title='bbox 2335 2068 2437 2109; x_wconf 76' lang='lat' dir='ltr'><strong>clau·</strong></span> 
     </span>
     <span class='ocr_line' id='line_1_27' title="bbox 422 2141 2437 2194; baseline -0.001 -12"><span class='ocrx_word' id='word_1_283' title='bbox 422 2142 508 2182; x_wconf 87' lang='lat' dir='ltr'><strong>sula</strong></span> <span class='ocrx_word' id='word_1_284' title='bbox 534 2153 611 2182; x_wconf 92' lang='lat' dir='ltr'><strong><em>non</em></strong></span> <span class='ocrx_word' id='word_1_285' title='bbox 637 2142 925 2192; x_wconf 74' lang='lat' dir='ltr'><strong>pernecessaria</strong></span> <span class='ocrx_word' id='word_1_286' title='bbox 950 2142 1015 2181; x_wconf 88' lang='lat' dir='ltr'><strong>illa</strong></span> <span class='ocrx_word' id='word_1_287' title='bbox 1043 2141 1198 2192; x_wconf 90' lang='lat' dir='ltr'><strong>quidem</strong></span> <span class='ocrx_word' id='word_1_288' title='bbox 1226 2142 1294 2181; x_wconf 89' lang='lat' dir='ltr'><strong><em>sed</em></strong></span> <span class='ocrx_word' id='word_1_289' title='bbox 1322 2141 1594 2181; x_wconf 88' lang='lat' dir='ltr'><strong>usitatissima:</strong></span> <span class='ocrx_word' id='word_1_290' title='bbox 1628 2143 1757 2193; x_wconf 71' lang='grc' dir='ltr'><strong><em>ταύτης</em></strong></span> <span class='ocrx_word' id='word_1_291' title='bbox 1781 2146 1844 2194; x_wconf 71' lang='grc' dir='ltr'><strong><em>τῆς</em></strong></span> <span class='ocrx_word' id='word_1_292' title='bbox 1867 2143 2063 2194; x_wconf 71' lang='grc' dir='ltr'><strong><em>ἐπιγραφῆς</em></strong></span> <span class='ocrx_word' id='word_1_293' title='bbox 2086 2143 2332 2193; x_wconf 64' lang='grc' dir='ltr'><strong><em>,ἐξ-’σφράγισμα</em></strong></span> <span class='ocrx_word' id='word_1_294' title='bbox 2356 2144 2437 2180; x_wconf 69' lang='grc' dir='ltr'><strong><em>ὠτό-</em></strong></span> 
     </span>
     <span class='ocr_line' id='line_1_28' title="bbox 422 2213 2438 2268; baseline -0 -12"><span class='ocrx_word' id='word_1_295' title='bbox 422 2233 534 2257; x_wconf 79' lang='grc' dir='ltr'><strong><em>κειται</em></strong></span> <span class='ocrx_word' id='word_1_296' title='bbox 563 2221 615 2261; x_wconf 74' lang='grc' dir='ltr'><strong><em>εἰς</em></strong></span> <span class='ocrx_word' id='word_1_297' title='bbox 648 2220 689 2256; x_wconf 81' lang='grc' dir='ltr'><strong><em>τὸ</em></strong></span> <span class='ocrx_word' id='word_1_298' title='bbox 714 2220 879 2268; x_wconf 56' lang='grc' dir='ltr'><strong><em>ἀρχεῒοη</em></strong></span> <span class='ocrx_word' id='word_1_299' title='bbox 916 2216 984 2255; x_wconf 91' lang='lat' dir='ltr'><strong><em>sed</em></strong></span> <span class='ocrx_word' id='word_1_300' title='bbox 1021 2214 1201 2265; x_wconf 82' lang='lat' dir='ltr'><strong>lapicida,</strong></span> <span class='ocrx_word' id='word_1_301' title='bbox 1247 2225 1366 2264; x_wconf 90' lang='lat' dir='ltr'><strong>quum</strong></span> <span class='ocrx_word' id='word_1_302' title='bbox 1398 2214 1647 2264; x_wconf 88' lang='lat' dir='ltr'><strong>inscriptione</strong></span> <span class='ocrx_word' id='word_1_303' title='bbox 1680 2213 1778 2254; x_wconf 85' lang='lat' dir='ltr'><strong>male</strong></span> <span class='ocrx_word' id='word_1_304' title='bbox 1809 2214 1849 2254; x_wconf 92' lang='lat' dir='ltr'><strong><em>in</em></strong></span> <span class='ocrx_word' id='word_1_305' title='bbox 1885 2213 2014 2263; x_wconf 90' lang='lat' dir='ltr'><strong>lapide</strong></span> <span class='ocrx_word' id='word_1_306' title='bbox 2049 2213 2234 2264; x_wconf 87' lang='lat' dir='ltr'><strong>disposita</strong></span> <span class='ocrx_word' id='word_1_307' title='bbox 2272 2215 2438 2265; x_wconf 83' lang='lat' dir='ltr'><strong>cymatia</strong></span> 
     </span>
     <span class='ocr_line' id='line_1_29' title="bbox 422 2286 2438 2341; baseline -0.001 -10"><span class='ocrx_word' id='word_1_308' title='bbox 422 2290 619 2341; x_wconf 87' lang='lat' dir='ltr'><strong>scriptura</strong></span> <span class='ocrx_word' id='word_1_309' title='bbox 644 2294 776 2340; x_wconf 83' lang='lat' dir='ltr'><strong>tegere</strong></span> <span class='ocrx_word' id='word_1_310' title='bbox 803 2293 960 2330; x_wconf 87' lang='lat' dir='ltr'><strong>coactus</strong></span> <span class='ocrx_word' id='word_1_311' title='bbox 988 2293 1092 2329; x_wconf 89' lang='lat' dir='ltr'><strong>esset</strong></span> <span class='ocrx_word' id='word_1_312' title='bbox 1119 2300 1168 2328; x_wconf 89' lang='lat' dir='ltr'><strong>ne</strong></span> <span class='ocrx_word' id='word_1_313' title='bbox 1194 2287 1254 2327; x_wconf 91' lang='lat' dir='ltr'><strong><em>his</em></strong></span> <span class='ocrx_word' id='word_1_314' title='bbox 1281 2287 1435 2337; x_wconf 89' lang='lat' dir='ltr'><strong>quidem</strong></span> <span class='ocrx_word' id='word_1_315' title='bbox 1459 2286 1735 2328; x_wconf 88' lang='lat' dir='ltr'><strong>sufficientibus</strong></span> <span class='ocrx_word' id='word_1_316' title='bbox 1759 2287 1932 2327; x_wconf 91' lang='lat' dir='ltr'><strong>ultimum</strong></span> <span class='ocrx_word' id='word_1_317' title='bbox 1951 2298 2105 2328; x_wconf 85' lang='lat' dir='ltr'><strong>versum</strong></span> <span class='ocrx_word' id='word_1_318' title='bbox 2125 2287 2191 2337; x_wconf 91' lang='lat' dir='ltr'><strong><em>qui</em></strong></span> <span class='ocrx_word' id='word_1_319' title='bbox 2210 2287 2316 2328; x_wconf 85' lang='lat' dir='ltr'><strong>illam</strong></span> <span class='ocrx_word' id='word_1_320' title='bbox 2336 2288 2438 2328; x_wconf 85' lang='lat' dir='ltr'><strong>clau-</strong></span> 
     </span>
     <span class='ocr_line' id='line_1_30' title="bbox 422 2359 2439 2412; baseline -0.001 -8"><span class='ocrx_word' id='word_1_321' title='bbox 422 2363 545 2404; x_wconf 82' lang='lat' dir='ltr'><strong>sulam</strong></span> <span class='ocrx_word' id='word_1_322' title='bbox 581 2363 804 2404; x_wconf 85' lang='lat' dir='ltr'><strong>continebat</strong></span> <span class='ocrx_word' id='word_1_323' title='bbox 837 2363 876 2403; x_wconf 91' lang='lat' dir='ltr'><strong><em>in</em></strong></span> <span class='ocrx_word' id='word_1_324' title='bbox 904 2374 949 2402; x_wconf 89' lang='lat' dir='ltr'><strong>eo</strong></span> <span class='ocrx_word' id='word_1_325' title='bbox 984 2362 1112 2412; x_wconf 87' lang='lat' dir='ltr'><strong>lapide</strong></span> <span class='ocrx_word' id='word_1_326' title='bbox 1138 2361 1291 2401; x_wconf 87' lang='lat' dir='ltr'><strong>videtur</strong></span> <span class='ocrx_word' id='word_1_327' title='bbox 1323 2362 1498 2411; x_wconf 90' lang='lat' dir='ltr'><strong>posuisse</strong></span> <span class='ocrx_word' id='word_1_328' title='bbox 1525 2361 1591 2412; x_wconf 90' lang='lat' dir='ltr'><strong><em>qui</em></strong></span> <span class='ocrx_word' id='word_1_329' title='bbox 1618 2364 1774 2400; x_wconf 90' lang='lat' dir='ltr'><strong>nostrae</strong></span> <span class='ocrx_word' id='word_1_330' title='bbox 1800 2359 1956 2400; x_wconf 85' lang='lat' dir='ltr'><strong>tabulae</strong></span> <span class='ocrx_word' id='word_1_331' title='bbox 1981 2371 2052 2411; x_wconf 91' lang='lat' dir='ltr'><strong>pro</strong></span> <span class='ocrx_word' id='word_1_332' title='bbox 2084 2361 2168 2401; x_wconf 89' lang='lat' dir='ltr'><strong>basi</strong></span> <span class='ocrx_word' id='word_1_333' title='bbox 2201 2360 2287 2400; x_wconf 79' lang='lat' dir='ltr'><strong>fuit.</strong></span> <span class='ocrx_word' id='word_1_334' title='bbox 2314 2383 2364 2390; x_wconf 80' lang='lat'><strong><em>——</em></strong></span> <span class='ocrx_word' id='word_1_335' title='bbox 2392 2361 2439 2401; x_wconf 91' lang='lat' dir='ltr'><strong><em>In</em></strong></span> 
     </span>
     <span class='ocr_line' id='line_1_31' title="bbox 421 2431 2435 2488; baseline -0.001 -11"><span class='ocrx_word' id='word_1_336' title='bbox 421 2437 579 2478; x_wconf 85' lang='lat' dir='ltr'><strong>dextero</strong></span> <span class='ocrx_word' id='word_1_337' title='bbox 607 2436 764 2477; x_wconf 85' lang='lat' dir='ltr'><strong>tabulae</strong></span> <span class='ocrx_word' id='word_1_338' title='bbox 792 2437 963 2488; x_wconf 79' lang='lat' dir='ltr'><strong>margine</strong></span> <span class='ocrx_word' id='word_1_339' title='bbox 991 2439 1150 2476; x_wconf 86' lang='lat' dir='ltr'><strong>exarata</strong></span> <span class='ocrx_word' id='word_1_340' title='bbox 1176 2440 1237 2476; x_wconf 91' lang='lat' dir='ltr'><strong><em>est</em></strong></span> <span class='ocrx_word' id='word_1_341' title='bbox 1263 2435 1418 2486; x_wconf 86' lang='lat' dir='ltr'><strong>plantae</strong></span> <span class='ocrx_word' id='word_1_342' title='bbox 1445 2433 1617 2475; x_wconf 88' lang='lat' dir='ltr'><strong>florentis</strong></span> <span class='ocrx_word' id='word_1_343' title='bbox 1645 2433 1772 2485; x_wconf 80' lang='lat' dir='ltr'><strong>imago</strong></span> <span class='ocrx_word' id='word_1_344' title='bbox 1800 2433 1995 2484; x_wconf 86' lang='lat' dir='ltr'><strong>adscripto</strong></span> <span class='ocrx_word' id='word_1_345' title='bbox 2029 2434 2199 2474; x_wconf 85' lang='lat' dir='ltr'><strong>nominc:</strong></span> <span class='ocrx_word' id='word_1_346' title='bbox 2234 2431 2435 2487; x_wconf 79' lang='grc' dir='ltr'><strong><em>ὀριγάνιον.</em></strong></span> 
     </span>
     <span class='ocr_line' id='line_1_32' title="bbox 421 2507 2438 2560; baseline -0.001 -9"><span class='ocrx_word' id='word_1_347' title='bbox 421 2511 600 2551; x_wconf 87' lang='lat' dir='ltr'><strong>Floribus</strong></span> <span class='ocrx_word' id='word_1_348' title='bbox 628 2515 669 2551; x_wconf 88' lang='lat' dir='ltr'><strong>et</strong></span> <span class='ocrx_word' id='word_1_349' title='bbox 695 2510 900 2550; x_wconf 88' lang='lat' dir='ltr'><strong>arboribus</strong></span> <span class='ocrx_word' id='word_1_350' title='bbox 928 2521 1048 2560; x_wconf 87' lang='lat' dir='ltr'><strong>prope</strong></span> <span class='ocrx_word' id='word_1_351' title='bbox 1075 2511 1293 2559; x_wconf 89' lang='lat' dir='ltr'><strong>sepulcrum</strong></span> <span class='ocrx_word' id='word_1_352' title='bbox 1321 2510 1584 2550; x_wconf 89' lang='lat' dir='ltr'><strong>crescentibus</strong></span> <span class='ocrx_word' id='word_1_353' title='bbox 1606 2507 1747 2548; x_wconf 87' lang='lat' dir='ltr'><strong>Graeci</strong></span> <span class='ocrx_word' id='word_1_354' title='bbox 1775 2507 1887 2547; x_wconf 89' lang='lat' dir='ltr'><strong>valde</strong></span> <span class='ocrx_word' id='word_1_355' title='bbox 1913 2507 2217 2556; x_wconf 83' lang='lat' dir='ltr'><strong>delectabantur,</strong></span> <span class='ocrx_word' id='word_1_356' title='bbox 2245 2507 2354 2548; x_wconf 87' lang='lat' dir='ltr'><strong>cuius</strong></span> <span class='ocrx_word' id='word_1_357' title='bbox 2381 2508 2438 2548; x_wconf 83' lang='lat' dir='ltr'><strong><em>rei</em></strong></span> 
     </span>
     <span class='ocr_line' id='line_1_33' title="bbox 423 2578 1245 2625; baseline 0 -1"><span class='ocrx_word' id='word_1_358' title='bbox 423 2585 462 2624; x_wconf 92' lang='lat' dir='ltr'><strong><em>in</em></strong></span> <span class='ocrx_word' id='word_1_359' title='bbox 489 2578 615 2625; x_wconf 88' lang='lat' dir='ltr'><strong>titulis</strong></span> <span class='ocrx_word' id='word_1_360' title='bbox 641 2584 747 2624; x_wconf 89' lang='lat' dir='ltr'><strong>haud</strong></span> <span class='ocrx_word' id='word_1_361' title='bbox 774 2595 865 2624; x_wconf 88' lang='lat' dir='ltr'><strong>rara</strong></span> <span class='ocrx_word' id='word_1_362' title='bbox 891 2584 1059 2624; x_wconf 85' lang='lat' dir='ltr'><strong>occurrit</strong></span> <span class='ocrx_word' id='word_1_363' title='bbox 1086 2584 1245 2624; x_wconf 87' lang='lat' dir='ltr'><strong>mentio:</strong></span> 
     </span>
    </p>
   </div>
   <div class='ocr_carea' id='block_1_4' title="bbox 757 2673 2084 2935">
    <p class='ocr_par' dir='ltr' id='par_1_4' title="bbox 757 2673 2084 2935">
     <span class='ocr_line' id='line_1_34' title="bbox 757 2673 2084 2730; baseline -0.002 -13"><span class='ocrx_word' id='word_1_364' title='bbox 757 2676 800 2717; x_wconf 87' lang='lat' dir='ltr'><strong><em>C.</em></strong></span> <span class='ocrx_word' id='word_1_365' title='bbox 817 2677 847 2717; x_wconf 92' lang='lat' dir='ltr'><strong><em>I.</em></strong></span> <span class='ocrx_word' id='word_1_366' title='bbox 871 2676 989 2718; x_wconf 78' lang='lat'>6270:</span> <span class='ocrx_word' id='word_1_367' title='bbox 1029 2679 1069 2718; x_wconf 85' lang='grc' dir='ltr'><strong><em>οὐ</em></strong></span> <span class='ocrx_word' id='word_1_368' title='bbox 1091 2681 1208 2728; x_wconf 81' lang='grc' dir='ltr'><strong><em>βάτοι,</em></strong></span> <span class='ocrx_word' id='word_1_369' title='bbox 1233 2679 1273 2717; x_wconf 83' lang='grc' dir='ltr'><strong><em>οὐ</em></strong></span> <span class='ocrx_word' id='word_1_370' title='bbox 1299 2673 1459 2730; x_wconf 65' lang='grc' dir='ltr'><strong><em>τριζθολοι1</em></strong></span> <span class='ocrx_word' id='word_1_371' title='bbox 1478 2680 1537 2717; x_wconf 81' lang='grc' dir='ltr'><strong><em>τὸν</em></strong></span> <span class='ocrx_word' id='word_1_372' title='bbox 1561 2678 1647 2729; x_wconf 81' lang='grc' dir='ltr'><strong><em>ἐμὸν</em></strong></span> <span class='ocrx_word' id='word_1_373' title='bbox 1671 2680 1783 2729; x_wconf 85' lang='grc' dir='ltr'><strong><em>τάφον</em></strong></span> <span class='ocrx_word' id='word_1_374' title='bbox 1809 2679 1918 2729; x_wconf 76' lang='grc' dir='ltr'><strong><em>ἀμφὶς</em></strong></span> <span class='ocrx_word' id='word_1_375' title='bbox 1942 2675 2084 2727; x_wconf 80' lang='grc' dir='ltr'><strong><em>ἔχουσιν</em></strong></span> 
     </span>
     <span class='ocr_line' id='line_1_35' title="bbox 1029 2815 2001 2866; baseline -0.002 -15"><span class='ocrx_word' id='word_1_376' title='bbox 1029 2818 1117 2852; x_wconf 83' lang='grc' dir='ltr'><strong><em>ἀλλά</em></strong></span> <span class='ocrx_word' id='word_1_377' title='bbox 1137 2830 1185 2865; x_wconf 87' lang='grc' dir='ltr'><strong><em>με</em></strong></span> <span class='ocrx_word' id='word_1_378' title='bbox 1208 2820 1275 2853; x_wconf 82' lang='grc' dir='ltr'><strong><em>πᾶν</em></strong></span> <span class='ocrx_word' id='word_1_379' title='bbox 1299 2817 1445 2865; x_wconf 87' lang='grc' dir='ltr'><strong><em>δένδρος</em></strong></span> <span class='ocrx_word' id='word_1_380' title='bbox 1463 2818 1590 2866; x_wconf 81' lang='grc' dir='ltr'><strong><em>χαρίεν</em></strong></span> <span class='ocrx_word' id='word_1_381' title='bbox 1614 2816 1691 2864; x_wconf 75' lang='grc' dir='ltr'><strong><em>περὶ</em></strong></span> <span class='ocrx_word' id='word_1_382' title='bbox 1711 2816 1836 2864; x_wconf 79' lang='grc' dir='ltr'><strong><em>ῥίσκον</em></strong></span> <span class='ocrx_word' id='word_1_383' title='bbox 1861 2815 2001 2851; x_wconf 81' lang='grc' dir='ltr'><strong><em>ἀνέοπει</em></strong></span> 
     </span>
     <span class='ocr_line' id='line_1_36' title="bbox 1028 2884 1841 2935; baseline -0.001 -14"><span class='ocrx_word' id='word_1_384' title='bbox 1028 2885 1204 2922; x_wconf 79' lang='grc' dir='ltr'><strong><em>κυκλόθεν</em></strong></span> <span class='ocrx_word' id='word_1_385' title='bbox 1228 2885 1416 2935; x_wconf 82' lang='grc' dir='ltr'><strong><em>εὐκάρποις</em></strong></span> <span class='ocrx_word' id='word_1_386' title='bbox 1441 2886 1570 2923; x_wconf 79' lang='grc' dir='ltr'><strong><em>κλωσὶν</em></strong></span> <span class='ocrx_word' id='word_1_387' title='bbox 1595 2884 1841 2934; x_wconf 83' lang='grc' dir='ltr'><strong><em>ἀγαλλόμενον.</em></strong></span> 
     </span>
    </p>
   </div>
  </div>
 </body>
</html>
