<?xml version="1.0" encoding="UTF-8"?>
<!DOCTYPE html PUBLIC "-//W3C//DTD XHTML 1.0 Transitional//EN"
    "http://www.w3.org/TR/xhtml1/DTD/xhtml1-transitional.dtd">
<html xmlns="http://www.w3.org/1999/xhtml" xml:lang="en" lang="en">
 <head>
  <title>
</title>
<meta http-equiv="Content-Type" content="text/html;charset=utf-8" />
  <meta name='ocr-system' content='tesseract 3.04.00' />
  <meta name='ocr-capabilities' content='ocr_page ocr_carea ocr_par ocr_line ocrx_word'/>
</head>
<body>
  <div class='ocr_page' id='page_1' title='image "4768887_0015.png"; bbox 0 0 2742 3571; ppageno 0'>
   <div class='ocr_carea' id='block_1_1' title="bbox 1072 274 1324 280">
    <p class='ocr_par' dir='ltr' id='par_1_1' title="bbox 1072 274 1324 280">
     <span class='ocr_line' id='line_1_1' title="bbox 1072 274 1324 280; baseline 0 0"><span class='ocrx_word' id='word_1_1' title='bbox 1072 274 1324 280; x_wconf 95' lang='lat' dir='ltr'> </span> 
     </span>
    </p>
   </div>
   <div class='ocr_carea' id='block_1_2' title="bbox 321 472 1584 810">
    <p class='ocr_par' dir='ltr' id='par_1_2' title="bbox 321 472 1584 810">
     <span class='ocr_line' id='line_1_2' title="bbox 1165 472 1223 510; baseline -0.017 0"><span class='ocrx_word' id='word_1_2' title='bbox 1165 472 1223 510; x_wconf 92' lang='grc'>10.</span> 
     </span>
     <span class='ocr_line' id='line_1_3' title="bbox 321 529 989 600; baseline -0.004 -13"><span class='ocrx_word' id='word_1_3' title='bbox 321 545 466 599; x_wconf 84' lang='lat' dir='ltr'>Cippus</span> <span class='ocrx_word' id='word_1_4' title='bbox 495 529 753 600; x_wconf 48' lang='lat' dir='ltr'>Smyrnaeum</span> <span class='ocrx_word' id='word_1_5' title='bbox 782 545 869 586; x_wconf 84' lang='lat' dir='ltr'>vide</span> <span class='ocrx_word' id='word_1_6' title='bbox 897 557 933 585; x_wconf 91' lang='lat' dir='ltr'>n.</span> <span class='ocrx_word' id='word_1_7' title='bbox 953 545 989 584; x_wconf 89' lang='lat'>8.</span> 
     </span>
     <span class='ocr_line' id='line_1_4' title="bbox 593 616 1461 667; baseline -0.009 1"><span class='ocrx_word' id='word_1_8' title='bbox 593 624 597 626; x_wconf 63' lang='grc'>“</span> <span class='ocrx_word' id='word_1_9' title='bbox 701 616 873 667; x_wconf 75' lang='grc' dir='ltr'><em>θεοδούλη</em></span> <span class='ocrx_word' id='word_1_10' title='bbox 1078 618 1461 662; x_wconf 77' lang='grc' dir='ltr'>ΘεοΔοΥΛΗ</span> 
     </span>
     <span class='ocr_line' id='line_1_5' title="bbox 696 683 1584 737; baseline -0.001 0"><span class='ocrx_word' id='word_1_11' title='bbox 696 683 952 736; x_wconf 74' lang='grc' dir='ltr'><strong><em>Ἀσκληπιάδου,</em></strong></span> <span class='ocrx_word' id='word_1_12' title='bbox 1078 692 1584 737; x_wconf 70' lang='grc' dir='ltr'>ΑΣκΛΗΠιΑΔοΥ</span> 
     </span>
     <span class='ocr_line' id='line_1_6' title="bbox 692 757 1381 810; baseline -0.003 2"><span class='ocrx_word' id='word_1_13' title='bbox 692 757 811 805; x_wconf 65' lang='grc' dir='ltr'><strong><em>καῖρε·</em></strong></span> <span class='ocrx_word' id='word_1_14' title='bbox 1184 766 1381 810; x_wconf 81' lang='grc' dir='ltr'>ΧΑιΡε</span> 
     </span>
    </p>
   </div>
   <div class='ocr_carea' id='block_1_3' title="bbox 409 912 1983 995">
    <p class='ocr_par' dir='ltr' id='par_1_3' title="bbox 409 912 1983 995">
     <span class='ocr_line' id='line_1_7' title="bbox 409 912 1983 995; baseline -0.004 -9"><span class='ocrx_word' id='word_1_15' title='bbox 409 945 447 986; x_wconf 88' lang='lat' dir='ltr'>b.</span> <span class='ocrx_word' id='word_1_16' title='bbox 473 912 1188 986; x_wconf 76' lang='lat' dir='ltr'>INSCRIPTIONESEDITAE</span> <span class='ocrx_word' id='word_1_17' title='bbox 1215 945 1366 995; x_wconf 82' lang='lat' dir='ltr'><strong>QUAS</strong></span> <span class='ocrx_word' id='word_1_18' title='bbox 1394 943 1597 986; x_wconf 89' lang='lat' dir='ltr'>DENUO</span> <span class='ocrx_word' id='word_1_19' title='bbox 1625 941 1983 985; x_wconf 87' lang='lat' dir='ltr'>EXAMINAVI.</span> 
     </span>
    </p>
   </div>
   <div class='ocr_carea' id='block_1_4' title="bbox 193 1054 2202 1188">
    <p class='ocr_par' dir='ltr' id='par_1_4' title="bbox 193 1054 2202 1188">
     <span class='ocr_line' id='line_1_8' title="bbox 320 1054 2202 1113; baseline -0.003 -11"><span class='ocrx_word' id='word_1_20' title='bbox 320 1054 536 1102; x_wconf 82' lang='lat' dir='ltr'>Atticarum</span> <span class='ocrx_word' id='word_1_21' title='bbox 562 1059 855 1113; x_wconf 84' lang='lat' dir='ltr'>inscriptionum</span> <span class='ocrx_word' id='word_1_22' title='bbox 882 1060 1064 1103; x_wconf 89' lang='lat' dir='ltr'>lectiones</span> <span class='ocrx_word' id='word_1_23' title='bbox 1092 1060 1164 1102; x_wconf 90' lang='lat' dir='ltr'>hoc</span> <span class='ocrx_word' id='word_1_24' title='bbox 1190 1060 1274 1102; x_wconf 89' lang='lat' dir='ltr'>loco</span> <span class='ocrx_word' id='word_1_25' title='bbox 1302 1060 1417 1102; x_wconf 90' lang='lat' dir='ltr'>edere</span> <span class='ocrx_word' id='word_1_26' title='bbox 1443 1060 1676 1112; x_wconf 83' lang='lat' dir='ltr'>supersedeo</span> <span class='ocrx_word' id='word_1_27' title='bbox 1703 1059 1779 1101; x_wconf 86' lang='lat' dir='ltr'>iam</span> <span class='ocrx_word' id='word_1_28' title='bbox 1805 1058 2039 1099; x_wconf 83' lang='lat' dir='ltr'>instantibus</span> <span class='ocrx_word' id='word_1_29' title='bbox 2071 1068 2202 1097; x_wconf 87' lang='lat' dir='ltr'>earum</span> 
     </span>
     <span class='ocr_line' id='line_1_9' title="bbox 193 1134 1022 1188; baseline -0.001 -11"><span class='ocrx_word' id='word_1_30' title='bbox 193 1135 483 1188; x_wconf 83' lang='lat' dir='ltr'>inscriptionum</span> <span class='ocrx_word' id='word_1_31' title='bbox 510 1134 705 1177; x_wconf 80' lang='lat' dir='ltr'>fasciculis</span> <span class='ocrx_word' id='word_1_32' title='bbox 732 1136 1022 1188; x_wconf 77' lang='lat' dir='ltr'>posterioribus.</span> 
     </span>
    </p>
   </div>
   <div class='ocr_carea' id='block_1_5' title="bbox 1073 1251 1314 1292">
    <p class='ocr_par' dir='ltr' id='par_1_5' title="bbox 1073 1251 1314 1292">
     <span class='ocr_line' id='line_1_10' title="bbox 1073 1251 1314 1292; baseline -0.004 0"><span class='ocrx_word' id='word_1_33' title='bbox 1073 1251 1115 1292; x_wconf 90' lang='lat' dir='ltr'>C.</span> <span class='ocrx_word' id='word_1_34' title='bbox 1144 1252 1174 1292; x_wconf 89' lang='lat'>1.</span> <span class='ocrx_word' id='word_1_35' title='bbox 1201 1251 1314 1291; x_wconf 81' lang='lat'>1052.</span> 
     </span>
    </p>
   </div>
   <div class='ocr_carea' id='block_1_6' title="bbox 194 1346 2205 1545">
    <p class='ocr_par' dir='ltr' id='par_1_6' title="bbox 194 1346 2205 1545">
     <span class='ocr_line' id='line_1_11' title="bbox 320 1346 2205 1405; baseline -0.003 -17"><span class='ocrx_word' id='word_1_36' title='bbox 320 1346 387 1388; x_wconf 88' lang='lat' dir='ltr'>Vs.</span> <span class='ocrx_word' id='word_1_37' title='bbox 408 1347 442 1385; x_wconf 93' lang='grc'>1.</span> <span class='ocrx_word' id='word_1_38' title='bbox 470 1357 608 1388; x_wconf 90' lang='lat' dir='ltr'>nomen</span> <span class='ocrx_word' id='word_1_39' title='bbox 635 1346 834 1405; x_wconf 82' lang='lat' dir='ltr'>proprium</span> <span class='ocrx_word' id='word_1_40' title='bbox 860 1350 1040 1389; x_wconf 87' lang='lat' dir='ltr'>accurate</span> <span class='ocrx_word' id='word_1_41' title='bbox 1067 1346 1233 1388; x_wconf 87' lang='lat' dir='ltr'>discerni</span> <span class='ocrx_word' id='word_1_42' title='bbox 1260 1347 1411 1399; x_wconf 89' lang='lat' dir='ltr'>nequit;</span> <span class='ocrx_word' id='word_1_43' title='bbox 1452 1358 1576 1398; x_wconf 91' lang='lat' dir='ltr'>neque</span> <span class='ocrx_word' id='word_1_44' title='bbox 1603 1358 1692 1388; x_wconf 89' lang='lat' dir='ltr'>vero</span> <span class='ocrx_word' id='word_1_45' title='bbox 1720 1358 1766 1387; x_wconf 88' lang='lat' dir='ltr'>ea</span> <span class='ocrx_word' id='word_1_46' title='bbox 1792 1357 1893 1397; x_wconf 87' lang='lat' dir='ltr'>quae</span> <span class='ocrx_word' id='word_1_47' title='bbox 1920 1346 2205 1395; x_wconf 84' lang='lat' dir='ltr'>cognoscuntur</span> 
     </span>
     <span class='ocr_line' id='line_1_12' title="bbox 194 1417 2201 1471; baseline -0.002 -9"><span class='ocrx_word' id='word_1_48' title='bbox 194 1421 349 1462; x_wconf 86' lang='lat' dir='ltr'>lectioni</span> <span class='ocrx_word' id='word_1_49' title='bbox 375 1420 556 1462; x_wconf 90' lang='lat' dir='ltr'>Boeckhii</span> <span class='ocrx_word' id='word_1_50' title='bbox 584 1421 849 1462; x_wconf 84' lang='lat' dir='ltr'>adversantur.</span> <span class='ocrx_word' id='word_1_51' title='bbox 922 1422 988 1462; x_wconf 90' lang='lat' dir='ltr'>Vs.</span> <span class='ocrx_word' id='word_1_52' title='bbox 1016 1422 1052 1460; x_wconf 85' lang='lat'>2.</span> <span class='ocrx_word' id='word_1_53' title='bbox 1080 1421 1293 1461; x_wconf 87' lang='lat' dir='ltr'>certissime</span> <span class='ocrx_word' id='word_1_54' title='bbox 1319 1421 1359 1460; x_wconf 89' lang='lat' dir='ltr'>in</span> <span class='ocrx_word' id='word_1_55' title='bbox 1385 1421 1513 1471; x_wconf 90' lang='lat' dir='ltr'>lapide</span> <span class='ocrx_word' id='word_1_56' title='bbox 1547 1424 1607 1461; x_wconf 89' lang='lat' dir='ltr'>est</span> <span class='ocrx_word' id='word_1_57' title='bbox 1645 1417 2201 1462; x_wconf 79' lang='grc' dir='ltr'>ΙΠΠΩΠἹΑΓΧΑΡΕΟΣ.</span> 
     </span>
     <span class='ocr_line' id='line_1_13' title="bbox 195 1488 2203 1545; baseline -0.002 -6"><span class='ocrx_word' id='word_1_58' title='bbox 195 1493 262 1536; x_wconf 80' lang='lat' dir='ltr'>Vs·</span> <span class='ocrx_word' id='word_1_59' title='bbox 282 1495 307 1534; x_wconf 88' lang='grc'>4</span> <span class='ocrx_word' id='word_1_60' title='bbox 332 1494 1544 1539; x_wconf 84' lang='grc' dir='ltr'>ΑΝΤΙΠΑΣΕΥΜΑΧΟΥΜΝΑΣΙΘΕΟΣΠΑΣΙΩΝΟΣ</span> <span class='ocrx_word' id='word_1_61' title='bbox 1574 1491 1737 1538; x_wconf 80' lang='grc' dir='ltr'><strong><em>Ἀντίπας</em></strong></span> <span class='ocrx_word' id='word_1_62' title='bbox 1767 1492 1956 1545; x_wconf 76' lang='grc' dir='ltr'><em>Εὐμᾶχου,</em></span> <span class='ocrx_word' id='word_1_63' title='bbox 1986 1488 2203 1535; x_wconf 73' lang='grc' dir='ltr'><em>Μνασίθεος</em></span> 
     </span>
    </p>
   </div>
   <div class='ocr_carea' id='block_1_7' title="bbox 196 1567 407 1615">
    <p class='ocr_par' dir='ltr' id='par_1_7' title="bbox 196 1567 407 1615">
     <span class='ocr_line' id='line_1_14' title="bbox 196 1567 407 1615; baseline 0 -7"><span class='ocrx_word' id='word_1_64' title='bbox 196 1567 407 1615; x_wconf 82' lang='grc' dir='ltr'><strong>Πασίωνος.</strong></span> 
     </span>
    </p>
   </div>
   <div class='ocr_carea' id='block_1_8' title="bbox 1077 1706 1315 1746">
    <p class='ocr_par' dir='ltr' id='par_1_8' title="bbox 1077 1706 1315 1746">
     <span class='ocr_line' id='line_1_15' title="bbox 1077 1706 1315 1746; baseline -0.004 -1"><span class='ocrx_word' id='word_1_65' title='bbox 1077 1706 1118 1745; x_wconf 90' lang='lat' dir='ltr'>C.</span> <span class='ocrx_word' id='word_1_66' title='bbox 1147 1706 1178 1746; x_wconf 95' lang='grc' dir='ltr'>Ι.</span> <span class='ocrx_word' id='word_1_67' title='bbox 1201 1707 1315 1745; x_wconf 86' lang='grc'><strong>1607.</strong></span> 
     </span>
    </p>
   </div>
   <div class='ocr_carea' id='block_1_9' title="bbox 195 1799 2204 2139">
    <p class='ocr_par' dir='ltr' id='par_1_9' title="bbox 195 1799 2204 2139">
     <span class='ocr_line' id='line_1_16' title="bbox 319 1799 2203 1853; baseline 0 -13"><span class='ocrx_word' id='word_1_68' title='bbox 319 1799 393 1841; x_wconf 89' lang='lat' dir='ltr'>Hic</span> <span class='ocrx_word' id='word_1_69' title='bbox 418 1799 517 1852; x_wconf 89' lang='lat' dir='ltr'>lapis</span> <span class='ocrx_word' id='word_1_70' title='bbox 543 1801 583 1842; x_wconf 93' lang='lat' dir='ltr'>in</span> <span class='ocrx_word' id='word_1_71' title='bbox 611 1801 737 1843; x_wconf 89' lang='lat' dir='ltr'>tribus</span> <span class='ocrx_word' id='word_1_72' title='bbox 763 1801 950 1843; x_wconf 87' lang='lat' dir='ltr'>lateribus</span> <span class='ocrx_word' id='word_1_73' title='bbox 977 1801 1168 1853; x_wconf 87' lang='lat' dir='ltr'>scriptura</span> <span class='ocrx_word' id='word_1_74' title='bbox 1195 1804 1320 1842; x_wconf 88' lang='lat' dir='ltr'>tectus</span> <span class='ocrx_word' id='word_1_75' title='bbox 1354 1801 1503 1842; x_wconf 93' lang='lat' dir='ltr'>tumulo</span> <span class='ocrx_word' id='word_1_76' title='bbox 1536 1804 1744 1851; x_wconf 85' lang='lat' dir='ltr'>symmetro</span> <span class='ocrx_word' id='word_1_77' title='bbox 1779 1801 1844 1852; x_wconf 91' lang='lat' dir='ltr'>qui</span> <span class='ocrx_word' id='word_1_78' title='bbox 1877 1801 1918 1840; x_wconf 94' lang='lat' dir='ltr'>in</span> <span class='ocrx_word' id='word_1_79' title='bbox 1952 1801 2203 1841; x_wconf 88' lang='lat' dir='ltr'>subterraneo</span> 
     </span>
     <span class='ocr_line' id='line_1_17' title="bbox 197 1867 2204 1926; baseline 0 -12"><span class='ocrx_word' id='word_1_80' title='bbox 197 1873 320 1914; x_wconf 90' lang='lat' dir='ltr'>musei</span> <span class='ocrx_word' id='word_1_81' title='bbox 347 1873 592 1914; x_wconf 84' lang='lat' dir='ltr'>Ashmoleani</span> <span class='ocrx_word' id='word_1_82' title='bbox 619 1886 664 1915; x_wconf 89' lang='lat' dir='ltr'>ex</span> <span class='ocrx_word' id='word_1_83' title='bbox 692 1867 822 1914; x_wconf 87' lang='lat' dir='ltr'>multis</span> <span class='ocrx_word' id='word_1_84' title='bbox 849 1875 1161 1926; x_wconf 87' lang='lat' dir='ltr'>inscriptionibus</span> <span class='ocrx_word' id='word_1_85' title='bbox 1188 1879 1406 1916; x_wconf 90' lang='lat' dir='ltr'>exstructus</span> <span class='ocrx_word' id='word_1_86' title='bbox 1434 1879 1510 1924; x_wconf 87' lang='lat' dir='ltr'>est,</span> <span class='ocrx_word' id='word_1_87' title='bbox 1537 1886 1673 1925; x_wconf 85' lang='lat' dir='ltr'>parum</span> <span class='ocrx_word' id='word_1_88' title='bbox 1702 1878 1916 1925; x_wconf 87' lang='lat' dir='ltr'>opportune</span> <span class='ocrx_word' id='word_1_89' title='bbox 1943 1878 2003 1915; x_wconf 89' lang='lat' dir='ltr'>est</span> <span class='ocrx_word' id='word_1_90' title='bbox 2036 1875 2204 1915; x_wconf 90' lang='lat' dir='ltr'>insertus</span> 
     </span>
     <span class='ocr_line' id='line_1_18' title="bbox 196 1946 2202 2000; baseline 0 -12"><span class='ocrx_word' id='word_1_91' title='bbox 196 1950 236 1988; x_wconf 91' lang='lat' dir='ltr'>et</span> <span class='ocrx_word' id='word_1_92' title='bbox 261 1948 446 1988; x_wconf 88' lang='lat' dir='ltr'>mortario</span> <span class='ocrx_word' id='word_1_93' title='bbox 473 1946 611 1988; x_wconf 87' lang='lat' dir='ltr'>affixus</span> <span class='ocrx_word' id='word_1_94' title='bbox 639 1951 683 1988; x_wconf 94' lang='lat' dir='ltr'>ut</span> <span class='ocrx_word' id='word_1_95' title='bbox 709 1948 759 1988; x_wconf 86' lang='lat' dir='ltr'>ad</span> <span class='ocrx_word' id='word_1_96' title='bbox 785 1948 898 1988; x_wconf 90' lang='lat' dir='ltr'>huius</span> <span class='ocrx_word' id='word_1_97' title='bbox 932 1948 1066 1990; x_wconf 89' lang='lat' dir='ltr'>lateris</span> <span class='ocrx_word' id='word_1_98' title='bbox 1099 1949 1382 2000; x_wconf 84' lang='lat' dir='ltr'>inscriptionem</span> <span class='ocrx_word' id='word_1_99' title='bbox 1413 1949 1476 1989; x_wconf 87' lang='lat' dir='ltr'>vix</span> <span class='ocrx_word' id='word_1_100' title='bbox 1507 1948 1631 1999; x_wconf 86' lang='lat' dir='ltr'>possis</span> <span class='ocrx_word' id='word_1_101' title='bbox 1663 1948 1857 1989; x_wconf 83' lang='lat' dir='ltr'>accedere.</span> <span class='ocrx_word' id='word_1_102' title='bbox 1914 1949 1979 1988; x_wconf 91' lang='lat' dir='ltr'>Vs.</span> <span class='ocrx_word' id='word_1_103' title='bbox 2000 1949 2035 1987; x_wconf 88' lang='lat'>2.</span> <span class='ocrx_word' id='word_1_104' title='bbox 2064 1951 2202 1988; x_wconf 83' lang='lat' dir='ltr'>nomen</span> 
     </span>
     <span class='ocr_line' id='line_1_19' title="bbox 196 2020 2201 2074; baseline -0 -12"><span class='ocrx_word' id='word_1_105' title='bbox 196 2020 339 2062; x_wconf 87' lang='lat' dir='ltr'>mensis</span> <span class='ocrx_word' id='word_1_106' title='bbox 368 2022 589 2074; x_wconf 81' lang='grc' dir='ltr'><em>Αἷραστυών</em></span> <span class='ocrx_word' id='word_1_107' title='bbox 616 2033 857 2073; x_wconf 86' lang='lat' dir='ltr'>nequaqnam</span> <span class='ocrx_word' id='word_1_108' title='bbox 884 2033 954 2073; x_wconf 89' lang='lat' dir='ltr'>pro</span> <span class='ocrx_word' id='word_1_109' title='bbox 982 2026 1088 2064; x_wconf 89' lang='lat' dir='ltr'>certo</span> <span class='ocrx_word' id='word_1_110' title='bbox 1116 2023 1249 2064; x_wconf 87' lang='lat' dir='ltr'>haberi</span> <span class='ocrx_word' id='word_1_111' title='bbox 1281 2025 1410 2073; x_wconf 88' lang='lat' dir='ltr'>potest</span> <span class='ocrx_word' id='word_1_112' title='bbox 1442 2023 1533 2073; x_wconf 88' lang='lat' dir='ltr'>quia</span> <span class='ocrx_word' id='word_1_113' title='bbox 1556 2023 1596 2063; x_wconf 91' lang='lat' dir='ltr'>in</span> <span class='ocrx_word' id='word_1_114' title='bbox 1632 2022 1826 2072; x_wconf 88' lang='lat' dir='ltr'>prioribus</span> <span class='ocrx_word' id='word_1_115' title='bbox 1860 2022 1983 2062; x_wconf 90' lang='lat' dir='ltr'>literis</span> <span class='ocrx_word' id='word_1_116' title='bbox 2017 2021 2115 2073; x_wconf 87' lang='lat' dir='ltr'>lapis</span> <span class='ocrx_word' id='word_1_117' title='bbox 2143 2022 2201 2061; x_wconf 75' lang='lat' dir='ltr'>¹la-</span> 
     </span>
     <span class='ocr_line' id='line_1_20' title="bbox 195 2095 1964 2139; baseline -0.001 -4"><span class='ocrx_word' id='word_1_118' title='bbox 195 2106 332 2136; x_wconf 83' lang='lat' dir='ltr'>cunam</span> <span class='ocrx_word' id='word_1_119' title='bbox 360 2096 489 2136; x_wconf 78' lang='lat' dir='ltr'>traxit.</span> <span class='ocrx_word' id='word_1_120' title='bbox 545 2095 642 2135; x_wconf 89' lang='lat' dir='ltr'>Mihi</span> <span class='ocrx_word' id='word_1_121' title='bbox 670 2099 739 2136; x_wconf 87' lang='lat' dir='ltr'>aut</span> <span class='ocrx_word' id='word_1_122' title='bbox 764 2096 1099 2139; x_wconf 84' lang='grc' dir='ltr'>ΑΠΑΣΤΥΩΝ</span> <span class='ocrx_word' id='word_1_123' title='bbox 1129 2099 1198 2137; x_wconf 89' lang='lat' dir='ltr'>aut</span> <span class='ocrx_word' id='word_1_124' title='bbox 1223 2096 1574 2139; x_wconf 86' lang='grc' dir='ltr'>ΑΓΡΑΣΤΥΩΝ</span> <span class='ocrx_word' id='word_1_125' title='bbox 1604 2096 1806 2136; x_wconf 87' lang='lat' dir='ltr'>videbatur</span> <span class='ocrx_word' id='word_1_126' title='bbox 1832 2096 1964 2136; x_wconf 90' lang='lat' dir='ltr'>latere.</span> 
     </span>
    </p>
   </div>
   <div class='ocr_carea' id='block_1_10' title="bbox 1081 2232 1322 2273">
    <p class='ocr_par' dir='ltr' id='par_1_10' title="bbox 1081 2232 1322 2273">
     <span class='ocr_line' id='line_1_21' title="bbox 1081 2232 1322 2273; baseline -0.004 -1"><span class='ocrx_word' id='word_1_127' title='bbox 1081 2232 1122 2272; x_wconf 88' lang='lat' dir='ltr'>O.</span> <span class='ocrx_word' id='word_1_128' title='bbox 1151 2234 1181 2273; x_wconf 86' lang='lat'>1.</span> <span class='ocrx_word' id='word_1_129' title='bbox 1203 2234 1322 2273; x_wconf 80' lang='lat'><strong>1692.</strong></span> 
     </span>
    </p>
   </div>
   <div class='ocr_carea' id='block_1_11' title="bbox 196 2319 2201 2746">
    <p class='ocr_par' dir='ltr' id='par_1_11' title="bbox 196 2319 2201 2746">
     <span class='ocr_line' id='line_1_22' title="bbox 320 2319 2198 2379; baseline 0 -14"><span class='ocrx_word' id='word_1_130' title='bbox 320 2325 472 2365; x_wconf 91' lang='lat' dir='ltr'>Titulus</span> <span class='ocrx_word' id='word_1_131' title='bbox 507 2325 704 2379; x_wconf 78' lang='grc' dir='ltr'><em>στοιχηδόν</em></span> <span class='ocrx_word' id='word_1_132' title='bbox 741 2326 927 2376; x_wconf 89' lang='lat' dir='ltr'>scriptus;</span> <span class='ocrx_word' id='word_1_133' title='bbox 968 2328 1056 2368; x_wconf 89' lang='lat' dir='ltr'>hinc</span> <span class='ocrx_word' id='word_1_134' title='bbox 1092 2328 1240 2377; x_wconf 86' lang='lat' dir='ltr'>corrige</span> <span class='ocrx_word' id='word_1_135' title='bbox 1267 2338 1367 2378; x_wconf 86' lang='lat' dir='ltr'>quae</span> <span class='ocrx_word' id='word_1_136' title='bbox 1394 2328 1443 2367; x_wconf 88' lang='lat' dir='ltr'>de</span> <span class='ocrx_word' id='word_1_137' title='bbox 1469 2327 1591 2367; x_wconf 92' lang='lat' dir='ltr'>literis</span> <span class='ocrx_word' id='word_1_138' title='bbox 1623 2328 1709 2377; x_wconf 90' lang='lat' dir='ltr'>plus</span> <span class='ocrx_word' id='word_1_139' title='bbox 1746 2319 1861 2377; x_wconf 83' lang='lat' dir='ltr'>quam</span> <span class='ocrx_word' id='word_1_140' title='bbox 1894 2327 1992 2367; x_wconf 90' lang='lat' dir='ltr'>solet</span> <span class='ocrx_word' id='word_1_141' title='bbox 2023 2327 2124 2366; x_wconf 89' lang='lat' dir='ltr'>inter</span> <span class='ocrx_word' id='word_1_142' title='bbox 2156 2337 2198 2365; x_wconf 87' lang='lat' dir='ltr'>se</span> 
     </span>
     <span class='ocr_line' id='line_1_23' title="bbox 196 2399 2199 2451; baseline -0 -11"><span class='ocrx_word' id='word_1_143' title='bbox 196 2399 428 2441; x_wconf 84' lang='lat' dir='ltr'>distantibus</span> <span class='ocrx_word' id='word_1_144' title='bbox 454 2399 719 2443; x_wconf 78' lang='lat' dir='ltr'>tradebantur.</span> <span class='ocrx_word' id='word_1_145' title='bbox 761 2400 903 2442; x_wconf 90' lang='lat' dir='ltr'>Omnes</span> <span class='ocrx_word' id='word_1_146' title='bbox 930 2413 1064 2442; x_wconf 87' lang='lat' dir='ltr'>versus</span> <span class='ocrx_word' id='word_1_147' title='bbox 1090 2402 1129 2442; x_wconf 91' lang='lat' dir='ltr'>in</span> <span class='ocrx_word' id='word_1_148' title='bbox 1156 2401 1231 2442; x_wconf 90' lang='lat' dir='ltr'>fine</span> <span class='ocrx_word' id='word_1_149' title='bbox 1257 2404 1350 2442; x_wconf 88' lang='lat' dir='ltr'>sunt</span> <span class='ocrx_word' id='word_1_150' title='bbox 1375 2402 1516 2451; x_wconf 87' lang='lat' dir='ltr'>integri</span> <span class='ocrx_word' id='word_1_151' title='bbox 1532 2405 1686 2451; x_wconf 87' lang='lat' dir='ltr'>praeter</span> <span class='ocrx_word' id='word_1_152' title='bbox 1704 2413 1758 2441; x_wconf 88' lang='lat' dir='ltr'>vs.</span> <span class='ocrx_word' id='word_1_153' title='bbox 1779 2402 1814 2439; x_wconf 82' lang='lat'>2.</span> <span class='ocrx_word' id='word_1_154' title='bbox 1855 2401 1964 2441; x_wconf 88' lang='lat' dir='ltr'>Licet</span> <span class='ocrx_word' id='word_1_155' title='bbox 1982 2400 2079 2450; x_wconf 85' lang='lat' dir='ltr'>lapis</span> <span class='ocrx_word' id='word_1_156' title='bbox 2097 2412 2199 2440; x_wconf 91' lang='lat' dir='ltr'>com-</span> 
     </span>
     <span class='ocr_line' id='line_1_24' title="bbox 196 2472 2199 2527; baseline 0 -14"><span class='ocrx_word' id='word_1_157' title='bbox 196 2472 371 2523; x_wconf 89' lang='lat' dir='ltr'>pluribus</span> <span class='ocrx_word' id='word_1_158' title='bbox 397 2472 492 2514; x_wconf 90' lang='lat' dir='ltr'>locis</span> <span class='ocrx_word' id='word_1_159' title='bbox 519 2472 763 2523; x_wconf 86' lang='lat' dir='ltr'>aliquatenus</span> <span class='ocrx_word' id='word_1_160' title='bbox 790 2473 1019 2516; x_wconf 84' lang='lat' dir='ltr'>obliteratus</span> <span class='ocrx_word' id='word_1_161' title='bbox 1047 2475 1099 2516; x_wconf 90' lang='lat' dir='ltr'>sit</span> <span class='ocrx_word' id='word_1_162' title='bbox 1125 2478 1254 2516; x_wconf 89' lang='lat' dir='ltr'>tamen</span> <span class='ocrx_word' id='word_1_163' title='bbox 1282 2475 1456 2527; x_wconf 86' lang='lat' dir='ltr'>vestigiis</span> <span class='ocrx_word' id='word_1_164' title='bbox 1483 2488 1583 2527; x_wconf 88' lang='lat' dir='ltr'>quae</span> <span class='ocrx_word' id='word_1_165' title='bbox 1610 2479 1757 2516; x_wconf 88' lang='lat' dir='ltr'>restant</span> <span class='ocrx_word' id='word_1_166' title='bbox 1783 2475 1998 2516; x_wconf 84' lang='lat' dir='ltr'>accuratius</span> <span class='ocrx_word' id='word_1_167' title='bbox 2017 2475 2199 2525; x_wconf 87' lang='lat' dir='ltr'>inspectis</span> 
     </span>
     <span class='ocr_line' id='line_1_25' title="bbox 197 2548 2199 2601; baseline 0 -13"><span class='ocrx_word' id='word_1_168' title='bbox 197 2548 245 2589; x_wconf 89' lang='lat' dir='ltr'>de</span> <span class='ocrx_word' id='word_1_169' title='bbox 272 2560 364 2590; x_wconf 86' lang='lat' dir='ltr'>vera</span> <span class='ocrx_word' id='word_1_170' title='bbox 391 2548 583 2601; x_wconf 79' lang='lat' dir='ltr'>scriptura</span> <span class='ocrx_word' id='word_1_171' title='bbox 609 2560 799 2601; x_wconf 86' lang='lat' dir='ltr'>nusquam</span> <span class='ocrx_word' id='word_1_172' title='bbox 826 2553 955 2600; x_wconf 89' lang='lat' dir='ltr'>potest</span> <span class='ocrx_word' id='word_1_173' title='bbox 979 2550 1162 2592; x_wconf 89' lang='lat' dir='ltr'>dubitari.</span> <span class='ocrx_word' id='word_1_174' title='bbox 1204 2550 1369 2592; x_wconf 86' lang='lat' dir='ltr'>Maxime</span> <span class='ocrx_word' id='word_1_175' title='bbox 1387 2550 1507 2594; x_wconf 88' lang='lat' dir='ltr'>miror</span> <span class='ocrx_word' id='word_1_176' title='bbox 1530 2550 1631 2601; x_wconf 93' lang='lat' dir='ltr'>quod</span> <span class='ocrx_word' id='word_1_177' title='bbox 1651 2549 1887 2591; x_wconf 88' lang='lat' dir='ltr'>Chandlerus</span> <span class='ocrx_word' id='word_1_178' title='bbox 1911 2550 1950 2589; x_wconf 94' lang='lat' dir='ltr'>in</span> <span class='ocrx_word' id='word_1_179' title='bbox 1968 2548 2044 2590; x_wconf 90' lang='lat' dir='ltr'>fine</span> <span class='ocrx_word' id='word_1_180' title='bbox 2061 2560 2116 2589; x_wconf 88' lang='lat' dir='ltr'>vs.</span> <span class='ocrx_word' id='word_1_181' title='bbox 2138 2550 2199 2588; x_wconf 86' lang='lat'>14.</span> 
     </span>
     <span class='ocr_line' id='line_1_26' title="bbox 197 2623 2201 2676; baseline 0 -13"><span class='ocrx_word' id='word_1_182' title='bbox 197 2623 291 2663; x_wconf 85' lang='lat' dir='ltr'>satis</span> <span class='ocrx_word' id='word_1_183' title='bbox 309 2624 512 2674; x_wconf 88' lang='lat' dir='ltr'>perspicuo</span> <span class='ocrx_word' id='word_1_184' title='bbox 527 2624 681 2665; x_wconf 86' lang='lat' dir='ltr'>erravit.</span> <span class='ocrx_word' id='word_1_185' title='bbox 724 2624 788 2664; x_wconf 81' lang='lat' dir='ltr'>Vs,</span> <span class='ocrx_word' id='word_1_186' title='bbox 811 2625 870 2663; x_wconf 86' lang='lat'>15.</span> <span class='ocrx_word' id='word_1_187' title='bbox 890 2624 1122 2675; x_wconf 88' lang='lat' dir='ltr'>principium</span> <span class='ocrx_word' id='word_1_188' title='bbox 1140 2624 1343 2664; x_wconf 88' lang='lat' dir='ltr'>evanidum</span> <span class='ocrx_word' id='word_1_189' title='bbox 1363 2635 1507 2676; x_wconf 88' lang='lat' dir='ltr'>paucas</span> <span class='ocrx_word' id='word_1_190' title='bbox 1526 2624 1714 2665; x_wconf 88' lang='lat' dir='ltr'>continuit</span> <span class='ocrx_word' id='word_1_191' title='bbox 1731 2624 1874 2673; x_wconf 80' lang='lat' dir='ltr'>literas,</span> <span class='ocrx_word' id='word_1_192' title='bbox 1899 2623 2048 2672; x_wconf 90' lang='lat' dir='ltr'>reliqua</span> <span class='ocrx_word' id='word_1_193' title='bbox 2065 2634 2201 2664; x_wconf 85' lang='lat' dir='ltr'>versus</span> 
     </span>
     <span class='ocr_line' id='line_1_27' title="bbox 196 2700 534 2746; baseline 0 -10"><span class='ocrx_word' id='word_1_194' title='bbox 196 2706 286 2746; x_wconf 83' lang='lat' dir='ltr'>pars</span> <span class='ocrx_word' id='word_1_195' title='bbox 314 2700 374 2737; x_wconf 89' lang='lat' dir='ltr'>est</span> <span class='ocrx_word' id='word_1_196' title='bbox 400 2708 534 2738; x_wconf 87' lang='lat' dir='ltr'>vacua.</span> 
     </span>
    </p>
   </div>
  </div>
 </body>
</html>
